2652 3689
248 415 425 477 &ptam
450 412 619 469 dicenti,
635 413 746 474 :quia
771 411 973 472 demptum
987 410 1160 470 ,quidem
1190 411 1369 457 fortasse
1398 414 1439 455 et
1466 409 1663 458 sublatum
1695 409 1798 453 velis
1831 409 1952 456 lutum
1983 424 2116 469 neque
2146 424 2244 456 vero
2273 412 2367 472 ipse

245 507 345 555 iilud
371 504 545 552 nferre.
564 509 604 564 et
633 503 801 549 toliere..
853 500 941 553 Sed
966 500 1066 561 quid
1089 507 1168 564 esst
1187 516 1259 549 cur
1288 506 1358 547 aut
1387 499 1565 548 noluerit
1586 506 1661 546 ,aut
1699 515 1785 549 non
1821 501 1999 560 potuerit
2036 502 2134 560 ipse¹
2165 501 2364 547 Horatius

247 596 551 646 incastellare
577 611 635 641 ex
659 592 851 655 operibus
875 594 1067 640 Lucilii-3>
1090 594 1232 648 lmine,
1264 599 1306 637 ut
1335 602 1448 637 recte
1477 592 1726 638 demonstrat
1747 591 1953 647 Wolfius,
1975 593 2209 651 benignitas
2237 610 2362 651 quae·

245 691 407 735 dant
435 689 592 733 animus
621 688 663 733 in
691 686 897 748 Luciliu·
922 687 1033 731 mitis
1062 701 1111 730 ac
1140 684 1321 745 placidus
1351 691 1498 744 potest,
1541 683 1751 742 siquidem,
1787 683 1894 743 quod
1924 685 1974 727 ab
2013 684 2261 728 adversariis
2300 687 2360 743 fit,

244 794 435 840 urgemus
463 780 587 823 verba
615 785 657 821 et
684 778 736 820 ad
768 777 1061 821 defendendam
1091 778 1332 820 sententiam
1355 782 1535 819 nostram
1557 777 1741 836 argutias
1764 782 1982 835 captamus,
2005 791 2057 818 ex
2078 791 2126 818 eo
2153 779 2360 835 cognosci,

244 870 351 930 quud
381 870 579 916 Horatius
597 884 655 915 -se
684 869 812 929 ipsum
840 868 939 915 dicit
966 869 1093 915 lutum
1121 867 1273 914 tollere
1304 867 1407 912 veile
1434 866 1601 912 Lacilii.
1658 866 1727 911 Ex
1755 868 1808 911 iis
1837 868 1966 927 igitur
1994 881 2094 925 quae
2123 867 2296 912 diximus
2327 869 2364 911 si

245 962 543 1010 conclusionem
573 961 757 1017 facimus,
795 960 898 1007 nihil
922 961 1007 1020 jam
1035 960 1078 1006 in
1109 959 1273 1006 Horatii
1311 959 1445 1004 verbis
1485 957 1740 1019 superfluum,
1780 958 1885 1004 nihil
1924 963 2069 1004 contra
2108 960 2298 1019 imaginis
2335 974 2363 1006 a

243 1060 364 1114 poeta
391 1054 599 1100 adhibitae
628 1053 861 1107 veritatem,
884 1051 987 1096 nihil
1015 1057 1161 1097 contra
1192 1066 1302 1096 usum
1332 1051 1458 1094 latine
1486 1048 1687 1107 loquendi·
1747 1049 2025 1109 Quaecumque
2052 1051 2101 1094 ab
2133 1051 2210 1096 hac
2248 1057 2362 1111 parte

245 1153 388 1193 contra
417 1152 598 1192 nostram
626 1145 1006 1206 interpretationem
1030 1143 1141 1189 dicta
1168 1150 1278 1200 sunt,
1310 1148 1379 1187 aut
1407 1148 1502 1187 suut
1530 1142 1708 1186 refutata
1746 1150 1832 1198 aut,
1873 1142 1910 1187 si
1950 1142 2043 1201 quid
2083 1139 2160 1187 sit'
2178 1144 2358 1189 fortasse

244 1240 488 1298 neglectum,
520 1252 646 1295 aeque
675 1236 790 1280 facili
818 1237 989 1295 negotio
1019 1235 1156 1280 refelli
1184 1251 1303 1294 posse
1332 1233 1580 1278 confidimus.

257 1360 270 1364 -
354 1332 396 1373 2.
446 1329 585 1388 Quare
607 1329 661 1372 ad
688 1329 861 1373 alterum
887 1329 1035 1384 locum,
1071 1342 1188 1387 quem
1216 1320 1509 1381 excitaverunt,
1549 1326 1619 1384 qui
1647 1326 1809 1369 verbum
1849 1329 1991 1372 tollere
2030 1326 2139 1371 idem
2178 1341 2272 1370 esse
2311 1342 2361 1370 ac

241 1434 413 1467 servare
441 1421 673 1476 voluerunt,
702 1420 1046 1479 interpretandum
1075 1418 1317 1474 accedimus,
1346 1418 1432 1462 Sat.
1464 1418 1498 1462 Ι.
1530 1417 1600 1473 10,
1631 1417 1689 1462 50
1716 1431 1819 1476 sqq.,
1861 1418 1927 1460 ubi
1962 1418 2113 1462 haecce
2144 1419 2358 1477 leguntur:

647 1510 708 1555 At
736 1510 825 1571 dixi
852 1511 981 1556 fluere
1011 1510 1117 1555 hunc
1144 1509 1402 1565 lutulentum,
1433 1522 1556 1568 saepe
1584 1507 1784 1553 ferentem

649 1602 778 1647 Plura
806 1601 967 1661 quidem
996 1601 1182 1650 tollenda
1211 1599 1498 1660 relinquendis.
1557 1600 1671 1660 Age,
1701 1615 1866 1658 quaeso,

647 1695 718 1739 Tu
749 1694 851 1738 nihil
876 1696 922 1738 in
951 1708 1101 1753 magno
1130 1693 1272 1738 doctus
1299 1691 1570 1754 reprehendis
1599 1692 1865 1751 Houwro‘t‘)

240 1785 297 1832 Et
323 1786 492 1847 primum
523 1784 677 1845 quidem
707 1786 853 1831 iterum
882 1786 1048 1831 omissis
1087 1786 1156 1843 iis,
1199 1799 1298 1845 quae
1338 1799 1414 1846 pro
1458 1790 1602 1829 nostra
1644 1785 1985 1845 interpretatione
2032 1784 2201 1830 dicenda
2243 1792 2355 1843 suut,

240 1869 513 1923 examinemus
543 1882 818 1937 quaecontra
846 1892 946 1923 eam.
965 1879 1050 1921 siut
1080 1877 1207 1922 dicta:
1238 1883 1318 1921 tum
1350 1876 1507 1921 demum
1537 1876 1712 1937 singulis
1741 1875 2061 1921 adversariorum
2103 1878 2355 1936 argumentis

237 1970 452 2014 infirmatis
490 1983 538 2012 ea
574 1970 843 2027 proferemus,
883 1983 987 2026 quae
1026 1969 1080 2012 ad
1119 1968 1409 2013 defendendam
1442 1974 1620 2012 nostram
1657 1968 1956 2027 interpretandi
1994 1970 2195 2012 rationem
2236 1975 2354 2012 erunt

237 2061 408 2119 reliqua.

263 2194 266 2196 ,
348 2149 497 2193 Buttm.
529 2152 656 2210 igitur
683 2152 851 2212 primum
879 2164 965 2195 uon
993 2150 1207 2211 iutelligit,
1238 2150 1436 2210 quomodo
1466 2150 1530 2195 his
1566 2151 1726 2195 verbis:
1767 2150 1997 2206 „ferentem
2036 2150 2153 2210 plura
2197 2151 2353 2210 quidem

235 2239 421 2285 tollenda
448 2240 770 2300 relinquendis“,
799 2242 836 2286 si
865 2243 924 2287 ita
950 2242 1214 2303 accipiantur,
1254 2247 1298 2286 ut
1335 2240 1485 2293 tollere
1514 2242 1568 2286 sit
1610 2243 1782 2298 auferre
1822 2249 1859 2285 et
1897 2240 2123 2299 relinquere
2165 2255 2350 2292 semare.

242 2334 386 2389 subjici
415 2335 545 2392 possit
571 2334 862 2394 illud:„,Age,
901 2348 1066 2392 quaeso,
1105 2334 1175 2377 Tu
1215 2333 1320 2377 nihil
1357 2335 1401 2376 in
1440 2348 1591 2393 magno
1631 2333 1772 2377 doctus
1809 2332 2076 2392 reprehendis
2104 2332 2288 2376 Homero
2301 2336 2351 2377 Υ(

237 2423 402 2466 Sentire
433 2426 609 2482 quemvis
641 2431 769 2484 putat,
802 2426 963 2468 minime
992 2426 1093 2468 haec
1122 2424 1257 2468 valere
1284 2424 1335 2468 ad
1366 2424 1636 2467 excusandum
1652 2424 1862 2482 judicium,
1883 2439 1959 2482 quo
1982 2424 2175 2480 majorem
2196 2433 2353 2483 partem

235 2514 331 2559 libri
360 2515 529 2572 alicujus
558 2517 821 2576 vituperaris.
854 2517 916 2561 At
942 2532 995 2562 ne
1024 2518 1101 2561 hac
1130 2516 1290 2576 quidem
1319 2518 1362 2560 in
1392 2532 1439 2561 re
1470 2517 1678 2575 quidquam
1709 2515 1890 2571 difficile,
1913 2515 1986 2559 sed
2007 2517 2144 2559 omnia
2165 2515 2291 2575 plana
2312 2522 2355 2560 et

236 2611 378 2663 aperta
398 2612 505 2650 sunt.
536 2606 695 2667 Quippe
715 2622 797 2653 non
817 2606 958 2653 modus
988 2608 1294 2667 vituperationis
1324 2608 1390 2651 hic
1419 2606 1677 2668 spectandus,
1707 2605 1781 2651 sed
1802 2606 1965 2651 omnino
1983 2608 2050 2665 jus
2078 2607 2354 2667 vituperandi.

234 2694 457 2754 Siquidem,
486 2698 614 2756 inquit
643 2698 850 2755 Horatius,
888 2700 931 2744 in
969 2712 1119 2758 magno
1156 2699 1253 2758 quid
1292 2699 1472 2743 Homero
1511 2697 1798 2756 reprehendis,
1836 2704 1919 2742 tum
1958 2688 2081 2742 multo
2121 2698 2238 2759 plura
2280 2699 2355 2742 tibi

236 2794 355 2833 erunt
384 2790 720 2849 reprehendenda
748 2791 790 2833 in
819 2790 997 2835 Lucilio.
1038 2790 1167 2849 Atque
1187 2792 1225 2835 si
1245 2790 1404 2835 modum
1423 2790 1590 2833 velimus
1610 2795 1796 2848 spectare
1818 2791 2147 2850 vituperationis,
2169 2791 2355 2848 cogitau-

235 2876 326 2923 dum
356 2887 421 2924 est
448 2895 534 2925 rem
562 2881 680 2925 nobis
711 2895 802 2926 esse
832 2895 919 2927 cum
947 2888 1071 2942 poeta
1101 2882 1244 2926 aetatis
1274 2881 1527 2942 Augusteae,
1559 2896 1660 2941 quae
1689 2896 1790 2926 saue
1811 2882 1931 2927 nimis
1956 2880 2157 2927 interdum
2179 2880 2356 2925 delicata

302 3093 343 3143 ἃ)
375 3079 487 3139 Quod
507 3095 600 3136 Ritt.
626 3097 849 3146 scripturam
871 3096 983 3137 codd.
1006 3096 1090 3134 dixi·
1110 3096 1159 3146 (ν.
1184 3096 1246 3146 50)
1270 3097 1432 3136 mutavit
1453 3100 1492 3136 et
1515 3097 1668 3148 scripsit
1690 3097 1796 3143 dieti,
1823 3100 1867 3135 ut
1888 3108 1960 3147 par
1981 3101 2052 3146 est,
2075 3097 2131 3135 nil
2155 3109 2261 3135 euro:
2285 3107 2356 3136 nee

391 3163 515 3214 magis
538 3177 572 3204 v.
595 3167 620 3205 1.
643 3167 835 3222 reprendis
857 3166 908 3217 (v,
932 3167 1006 3216 52).

2080 3227 2105 3261 2
