<?xml version="1.0" encoding="UTF-8"?>
<!DOCTYPE html PUBLIC "-//W3C//DTD XHTML 1.0 Transitional//EN"
    "http://www.w3.org/TR/xhtml1/DTD/xhtml1-transitional.dtd">
<html xmlns="http://www.w3.org/1999/xhtml" xml:lang="en" lang="en">
 <head>
  <title>
</title>
<meta http-equiv="Content-Type" content="text/html;charset=utf-8" />
  <meta name='ocr-system' content='tesseract 3.04.00' />
  <meta name='ocr-capabilities' content='ocr_page ocr_carea ocr_par ocr_line ocrx_word'/>
</head>
<body>
  <div class='ocr_page' id='page_1' title='image "4777071_0013.png"; bbox 0 0 2652 3689; ppageno 0'>
   <div class='ocr_carea' id='block_1_1' title="bbox 249 991 2384 2012">
    <p class='ocr_par' dir='ltr' id='par_1_1' title="bbox 249 991 2384 2012">
     <span class='ocr_line' id='line_1_1' title="bbox 256 991 2384 1092; baseline 0.001 -20"><span class='ocrx_word' id='word_1_1' title='bbox 256 991 355 1075; x_wconf 85' lang='lat' dir='ltr'><strong>Ad</strong></span> <span class='ocrx_word' id='word_1_2' title='bbox 390 1035 494 1077; x_wconf 88' lang='lat' dir='ltr'><strong>hunc</strong></span> <span class='ocrx_word' id='word_1_3' title='bbox 529 1034 732 1089; x_wconf 84' lang='lat' dir='ltr'><strong>libellum,</strong></span> <span class='ocrx_word' id='word_1_4' title='bbox 785 1035 1151 1092; x_wconf 89' lang='lat' dir='ltr'><strong>quantuluscunque</strong></span> <span class='ocrx_word' id='word_1_5' title='bbox 1192 1042 1274 1088; x_wconf 87' lang='lat' dir='ltr'><strong>est,</strong></span> <span class='ocrx_word' id='word_1_6' title='bbox 1329 1033 1583 1076; x_wconf 88' lang='lat' dir='ltr'><strong>scribendum</strong></span> <span class='ocrx_word' id='word_1_7' title='bbox 1634 1033 1896 1091; x_wconf 81' lang='lat' dir='ltr'>aggredienti</span> <span class='ocrx_word' id='word_1_8' title='bbox 1947 1034 2045 1075; x_wconf 89' lang='lat' dir='ltr'><strong>mihi</strong></span> <span class='ocrx_word' id='word_1_9' title='bbox 2090 1032 2233 1075; x_wconf 82' lang='lat' dir='ltr'><strong>incidit</strong></span> <span class='ocrx_word' id='word_1_10' title='bbox 2280 1031 2384 1074; x_wconf 88' lang='lat' dir='ltr'><strong>illud</strong></span> 
     </span>
     <span class='ocr_line' id='line_1_2' title="bbox 255 1124 2380 1187; baseline -0.001 -19"><span class='ocrx_word' id='word_1_11' title='bbox 255 1124 420 1169; x_wconf 82' lang='lat' dir='ltr'><strong>Horatii</strong></span> <span class='ocrx_word' id='word_1_12' title='bbox 448 1126 555 1183; x_wconf 85' lang='lat' dir='ltr'><strong>quod</strong></span> <span class='ocrx_word' id='word_1_13' title='bbox 585 1127 718 1169; x_wconf 88' lang='lat' dir='ltr'><strong>estin</strong></span> <span class='ocrx_word' id='word_1_14' title='bbox 749 1127 936 1187; x_wconf 88' lang='lat' dir='ltr'><strong>Epistola</strong></span> <span class='ocrx_word' id='word_1_15' title='bbox 977 1126 1029 1169; x_wconf 88' lang='lat' dir='ltr'><strong>ad</strong></span> <span class='ocrx_word' id='word_1_16' title='bbox 1067 1126 1269 1169; x_wconf 83' lang='lat' dir='ltr'><strong>Pisones:</strong></span> <span class='ocrx_word' id='word_1_17' title='bbox 1312 1126 1473 1182; x_wconf 77' lang='lat' dir='ltr'><strong>Infelix</strong></span> <span class='ocrx_word' id='word_1_18' title='bbox 1510 1128 1647 1181; x_wconf 76' lang='lat' dir='ltr'><strong>operis</strong></span> <span class='ocrx_word' id='word_1_19' title='bbox 1689 1139 1867 1173; x_wconf 83' lang='lat' dir='ltr'><strong>summa,</strong></span> <span class='ocrx_word' id='word_1_20' title='bbox 1911 1128 2013 1181; x_wconf 84' lang='lat' dir='ltr'><strong>quia</strong></span> <span class='ocrx_word' id='word_1_21' title='bbox 2047 1139 2205 1180; x_wconf 81' lang='lat' dir='ltr'><strong>ponere</strong></span> <span class='ocrx_word' id='word_1_22' title='bbox 2246 1132 2380 1167; x_wconf 84' lang='lat' dir='ltr'><strong>totum</strong></span> 
     </span>
     <span class='ocr_line' id='line_1_3' title="bbox 256 1217 2380 1278; baseline -0.003 -14"><span class='ocrx_word' id='word_1_23' title='bbox 256 1218 443 1265; x_wconf 77' lang='lat' dir='ltr'><strong>Nesciet:</strong></span> <span class='ocrx_word' id='word_1_24' title='bbox 485 1217 624 1276; x_wconf 87' lang='lat' dir='ltr'><strong>quibus</strong></span> <span class='ocrx_word' id='word_1_25' title='bbox 654 1222 775 1278; x_wconf 86' lang='lat' dir='ltr'><strong>poeta</strong></span> <span class='ocrx_word' id='word_1_26' title='bbox 804 1218 938 1262; x_wconf 85' lang='lat' dir='ltr'><strong>verbis</strong></span> <span class='ocrx_word' id='word_1_27' title='bbox 978 1217 1245 1278; x_wconf 81' lang='lat' dir='ltr'><strong>reprehendit</strong></span> <span class='ocrx_word' id='word_1_28' title='bbox 1284 1218 1454 1273; x_wconf 88' lang='lat' dir='ltr'><strong>fabrum,</strong></span> <span class='ocrx_word' id='word_1_29' title='bbox 1496 1217 1562 1276; x_wconf 87' lang='lat' dir='ltr'><strong>qui</strong></span> <span class='ocrx_word' id='word_1_30' title='bbox 1601 1218 1780 1276; x_wconf 90' lang='lat' dir='ltr'><strong>quamvis</strong></span> <span class='ocrx_word' id='word_1_31' title='bbox 1821 1217 2004 1276; x_wconf 88' lang='lat' dir='ltr'><strong>singulas</strong></span> <span class='ocrx_word' id='word_1_32' title='bbox 2043 1222 2199 1260; x_wconf 79' lang='lat' dir='ltr'><strong>statuae</strong></span> <span class='ocrx_word' id='word_1_33' title='bbox 2238 1222 2380 1276; x_wconf 87' lang='lat' dir='ltr'><strong>partes</strong></span> 
     </span>
     <span class='ocr_line' id='line_1_4' title="bbox 255 1306 2380 1370; baseline -0.001 -18"><span class='ocrx_word' id='word_1_34' title='bbox 255 1322 338 1352; x_wconf 91' lang='lat' dir='ltr'><strong>non</strong></span> <span class='ocrx_word' id='word_1_35' title='bbox 378 1307 468 1352; x_wconf 87' lang='lat' dir='ltr'><strong>sine</strong></span> <span class='ocrx_word' id='word_1_36' title='bbox 515 1308 680 1367; x_wconf 88' lang='lat' dir='ltr'><strong>quadam</strong></span> <span class='ocrx_word' id='word_1_37' title='bbox 726 1314 816 1353; x_wconf 88' lang='lat' dir='ltr'><strong>arte</strong></span> <span class='ocrx_word' id='word_1_38' title='bbox 856 1310 1080 1370; x_wconf 81' lang='lat' dir='ltr'><strong>exprimere</strong></span> <span class='ocrx_word' id='word_1_39' title='bbox 1122 1310 1253 1370; x_wconf 86' lang='lat' dir='ltr'><strong>possit</strong></span> <span class='ocrx_word' id='word_1_40' title='bbox 1293 1315 1334 1353; x_wconf 89' lang='lat' dir='ltr'><strong>et</strong></span> <span class='ocrx_word' id='word_1_41' title='bbox 1363 1324 1459 1354; x_wconf 88' lang='lat' dir='ltr'><strong>aere</strong></span> <span class='ocrx_word' id='word_1_42' title='bbox 1489 1308 1657 1364; x_wconf 87' lang='lat' dir='ltr'><strong>imitari,</strong></span> <span class='ocrx_word' id='word_1_43' title='bbox 1698 1308 1740 1352; x_wconf 89' lang='lat' dir='ltr'><strong>in</strong></span> <span class='ocrx_word' id='word_1_44' title='bbox 1783 1315 1867 1352; x_wconf 89' lang='lat' dir='ltr'><strong>tota</strong></span> <span class='ocrx_word' id='word_1_45' title='bbox 1905 1313 2038 1353; x_wconf 86' lang='lat' dir='ltr'><strong>statua</strong></span> <span class='ocrx_word' id='word_1_46' title='bbox 2067 1306 2258 1368; x_wconf 86' lang='lat' dir='ltr'><strong>fingenda</strong></span> <span class='ocrx_word' id='word_1_47' title='bbox 2298 1321 2380 1351; x_wconf 91' lang='lat' dir='ltr'><strong>non</strong></span> 
     </span>
     <span class='ocr_line' id='line_1_5' title="bbox 255 1398 2378 1458; baseline -0 -16"><span class='ocrx_word' id='word_1_48' title='bbox 255 1398 424 1442; x_wconf 89' lang='lat' dir='ltr'><strong>eandem</strong></span> <span class='ocrx_word' id='word_1_49' title='bbox 464 1407 720 1444; x_wconf 82' lang='lat' dir='ltr'><strong>assecuturus</strong></span> <span class='ocrx_word' id='word_1_50' title='bbox 762 1401 816 1444; x_wconf 87' lang='lat' dir='ltr'><strong>sit</strong></span> <span class='ocrx_word' id='word_1_51' title='bbox 855 1401 1027 1445; x_wconf 90' lang='lat' dir='ltr'><strong>laudem.</strong></span> <span class='ocrx_word' id='word_1_52' title='bbox 1089 1399 1168 1444; x_wconf 83' lang='lat' dir='ltr'><strong>Cui</strong></span> <span class='ocrx_word' id='word_1_53' title='bbox 1197 1402 1233 1445; x_wconf 91' lang='lat' dir='ltr'><strong>si</strong></span> <span class='ocrx_word' id='word_1_54' title='bbox 1263 1402 1351 1458; x_wconf 89' lang='lat' dir='ltr'><strong>quis</strong></span> <span class='ocrx_word' id='word_1_55' title='bbox 1381 1416 1443 1444; x_wconf 90' lang='lat' dir='ltr'><strong>me</strong></span> <span class='ocrx_word' id='word_1_56' title='bbox 1472 1401 1513 1443; x_wconf 91' lang='lat' dir='ltr'><strong>in</strong></span> <span class='ocrx_word' id='word_1_57' title='bbox 1542 1401 1610 1455; x_wconf 89' lang='lat' dir='ltr'><strong>iis,</strong></span> <span class='ocrx_word' id='word_1_58' title='bbox 1642 1416 1742 1458; x_wconf 89' lang='lat' dir='ltr'><strong>quae</strong></span> <span class='ocrx_word' id='word_1_59' title='bbox 1779 1400 1994 1444; x_wconf 87' lang='lat' dir='ltr'><strong>scribenda</strong></span> <span class='ocrx_word' id='word_1_60' title='bbox 2034 1399 2132 1444; x_wconf 84' lang='lat' dir='ltr'><strong>mihi</strong></span> <span class='ocrx_word' id='word_1_61' title='bbox 2166 1399 2378 1458; x_wconf 86' lang='lat' dir='ltr'><strong>proposui,</strong></span> 
     </span>
     <span class='ocr_line' id='line_1_6' title="bbox 254 1489 2379 1553; baseline -0 -20"><span class='ocrx_word' id='word_1_62' title='bbox 254 1490 533 1550; x_wconf 78' lang='lat' dir='ltr'><strong>quadamtenus</strong></span> <span class='ocrx_word' id='word_1_63' title='bbox 563 1492 734 1537; x_wconf 82' lang='lat' dir='ltr'><strong>similem</strong></span> <span class='ocrx_word' id='word_1_64' title='bbox 766 1507 857 1536; x_wconf 88' lang='lat' dir='ltr'><strong>esse</strong></span> <span class='ocrx_word' id='word_1_65' title='bbox 887 1492 1055 1549; x_wconf 84' lang='lat' dir='ltr'><strong>dixerit,</strong></span> <span class='ocrx_word' id='word_1_66' title='bbox 1088 1492 1193 1551; x_wconf 91' lang='lat' dir='ltr'><strong>quod</strong></span> <span class='ocrx_word' id='word_1_67' title='bbox 1215 1507 1267 1535; x_wconf 92' lang='lat' dir='ltr'><strong>ne</strong></span> <span class='ocrx_word' id='word_1_68' title='bbox 1298 1507 1379 1551; x_wconf 86' lang='lat' dir='ltr'><strong>ego</strong></span> <span class='ocrx_word' id='word_1_69' title='bbox 1411 1491 1569 1550; x_wconf 90' lang='lat' dir='ltr'><strong>quidem</strong></span> <span class='ocrx_word' id='word_1_70' title='bbox 1599 1499 1725 1535; x_wconf 90' lang='lat' dir='ltr'><strong>totum</strong></span> <span class='ocrx_word' id='word_1_71' title='bbox 1756 1507 1906 1553; x_wconf 89' lang='lat' dir='ltr'><strong>ponere</strong></span> <span class='ocrx_word' id='word_1_72' title='bbox 1937 1498 2105 1536; x_wconf 89' lang='lat' dir='ltr'><strong>conatus</strong></span> <span class='ocrx_word' id='word_1_73' title='bbox 2135 1493 2232 1535; x_wconf 90' lang='lat' dir='ltr'><strong>sim:</strong></span> <span class='ocrx_word' id='word_1_74' title='bbox 2275 1489 2379 1533; x_wconf 89' lang='lat' dir='ltr'><strong>haud</strong></span> 
     </span>
     <span class='ocr_line' id='line_1_7' title="bbox 249 1572 2378 1644; baseline -0.001 -17"><span class='ocrx_word' id='word_1_75' title='bbox 249 1572 504 1644; x_wconf 88' lang='lat' dir='ltr'><strong>prohibebo,</strong></span> <span class='ocrx_word' id='word_1_76' title='bbox 537 1584 748 1629; x_wconf 90' lang='lat' dir='ltr'><strong>dummodo</strong></span> <span class='ocrx_word' id='word_1_77' title='bbox 781 1600 864 1629; x_wconf 89' lang='lat' dir='ltr'><strong>non</strong></span> <span class='ocrx_word' id='word_1_78' title='bbox 896 1586 1031 1644; x_wconf 87' lang='lat' dir='ltr'><strong>inepte</strong></span> <span class='ocrx_word' id='word_1_79' title='bbox 1061 1584 1225 1643; x_wconf 84' lang='lat' dir='ltr'><strong>singula</strong></span> <span class='ocrx_word' id='word_1_80' title='bbox 1256 1583 1452 1642; x_wconf 89' lang='lat' dir='ltr'><strong>quaedam</strong></span> <span class='ocrx_word' id='word_1_81' title='bbox 1485 1600 1508 1627; x_wconf 92' lang='lat' dir='ltr'><strong>a</strong></span> <span class='ocrx_word' id='word_1_82' title='bbox 1538 1599 1600 1627; x_wconf 89' lang='lat' dir='ltr'><strong>me</strong></span> <span class='ocrx_word' id='word_1_83' title='bbox 1632 1583 1738 1627; x_wconf 89' lang='lat' dir='ltr'><strong>dicta</strong></span> <span class='ocrx_word' id='word_1_84' title='bbox 1768 1600 1859 1628; x_wconf 88' lang='lat' dir='ltr'><strong>esse</strong></span> <span class='ocrx_word' id='word_1_85' title='bbox 1888 1586 1966 1627; x_wconf 89' lang='lat' dir='ltr'><strong>sibi</strong></span> <span class='ocrx_word' id='word_1_86' title='bbox 1996 1583 2254 1644; x_wconf 85' lang='lat' dir='ltr'><strong>persuadeat.</strong></span> <span class='ocrx_word' id='word_1_87' title='bbox 2317 1581 2378 1625; x_wconf 92' lang='lat' dir='ltr'><strong>Eo</strong></span> 
     </span>
     <span class='ocr_line' id='line_1_8' title="bbox 254 1674 2375 1744; baseline -0.002 -23"><span class='ocrx_word' id='word_1_88' title='bbox 254 1684 403 1744; x_wconf 86' lang='lat' dir='ltr'><strong>tamen,</strong></span> <span class='ocrx_word' id='word_1_89' title='bbox 444 1677 606 1736; x_wconf 87' lang='lat' dir='ltr'><strong>opinor,</strong></span> <span class='ocrx_word' id='word_1_90' title='bbox 638 1676 705 1720; x_wconf 82' lang='lat' dir='ltr'><strong>vel</strong></span> <span class='ocrx_word' id='word_1_91' title='bbox 734 1676 944 1737; x_wconf 91' lang='lat' dir='ltr'><strong>plurimum</strong></span> <span class='ocrx_word' id='word_1_92' title='bbox 982 1677 1031 1719; x_wconf 91' lang='lat' dir='ltr'><strong>ab</strong></span> <span class='ocrx_word' id='word_1_93' title='bbox 1071 1675 1142 1720; x_wconf 92' lang='lat' dir='ltr'><strong>illo</strong></span> <span class='ocrx_word' id='word_1_94' title='bbox 1184 1674 1349 1732; x_wconf 85' lang='lat' dir='ltr'><strong>differo,</strong></span> <span class='ocrx_word' id='word_1_95' title='bbox 1390 1675 1512 1734; x_wconf 90' lang='lat' dir='ltr'><strong>quod,</strong></span> <span class='ocrx_word' id='word_1_96' title='bbox 1555 1691 1640 1720; x_wconf 88' lang='lat' dir='ltr'><strong>cum</strong></span> <span class='ocrx_word' id='word_1_97' title='bbox 1681 1676 1716 1720; x_wconf 91' lang='lat' dir='ltr'><strong>is</strong></span> <span class='ocrx_word' id='word_1_98' title='bbox 1757 1677 1835 1719; x_wconf 88' lang='lat' dir='ltr'><strong>sibi</strong></span> <span class='ocrx_word' id='word_1_99' title='bbox 1878 1676 2138 1736; x_wconf 88' lang='lat' dir='ltr'><strong>proposuisse</strong></span> <span class='ocrx_word' id='word_1_100' title='bbox 2177 1675 2375 1730; x_wconf 85' lang='lat' dir='ltr'><strong>videatur,</strong></span> 
     </span>
     <span class='ocr_line' id='line_1_9' title="bbox 253 1767 2375 1828; baseline -0.002 -15"><span class='ocrx_word' id='word_1_101' title='bbox 253 1784 355 1827; x_wconf 84' lang='lat' dir='ltr'><strong>quae</strong></span> <span class='ocrx_word' id='word_1_102' title='bbox 394 1768 546 1812; x_wconf 90' lang='lat' dir='ltr'><strong>humeri</strong></span> <span class='ocrx_word' id='word_1_103' title='bbox 583 1775 770 1812; x_wconf 85' lang='lat' dir='ltr'><strong>recusent</strong></span> <span class='ocrx_word' id='word_1_104' title='bbox 809 1769 942 1825; x_wconf 86' lang='lat' dir='ltr'><strong>ferre,</strong></span> <span class='ocrx_word' id='word_1_105' title='bbox 983 1767 1164 1825; x_wconf 85' lang='lat' dir='ltr'><strong>equidem</strong></span> <span class='ocrx_word' id='word_1_106' title='bbox 1203 1768 1413 1811; x_wconf 86' lang='lat' dir='ltr'><strong>materiam</strong></span> <span class='ocrx_word' id='word_1_107' title='bbox 1453 1768 1601 1828; x_wconf 89' lang='lat' dir='ltr'><strong>sumpsi</strong></span> <span class='ocrx_word' id='word_1_108' title='bbox 1641 1769 1791 1811; x_wconf 87' lang='lat' dir='ltr'><strong>viribus</strong></span> <span class='ocrx_word' id='word_1_109' title='bbox 1832 1783 2009 1826; x_wconf 88' lang='lat' dir='ltr'><strong>aequam.</strong></span> <span class='ocrx_word' id='word_1_110' title='bbox 2069 1768 2241 1827; x_wconf 87' lang='lat' dir='ltr'><strong>Nempe,</strong></span> <span class='ocrx_word' id='word_1_111' title='bbox 2288 1781 2375 1809; x_wconf 93' lang='lat' dir='ltr'><strong>cum</strong></span> 
     </span>
     <span class='ocr_line' id='line_1_10' title="bbox 253 1858 2374 1920; baseline -0.001 -17"><span class='ocrx_word' id='word_1_112' title='bbox 253 1859 339 1914; x_wconf 86' lang='lat' dir='ltr'><strong>ille,</strong></span> <span class='ocrx_word' id='word_1_113' title='bbox 381 1861 489 1917; x_wconf 88' lang='lat' dir='ltr'><strong>cujus</strong></span> <span class='ocrx_word' id='word_1_114' title='bbox 522 1859 631 1903; x_wconf 90' lang='lat' dir='ltr'><strong>vires</strong></span> <span class='ocrx_word' id='word_1_115' title='bbox 669 1859 741 1902; x_wconf 87' lang='lat' dir='ltr'><strong>tali</strong></span> <span class='ocrx_word' id='word_1_116' title='bbox 781 1861 896 1920; x_wconf 87' lang='lat' dir='ltr'><strong>operi</strong></span> <span class='ocrx_word' id='word_1_117' title='bbox 935 1860 1112 1919; x_wconf 89' lang='lat' dir='ltr'><strong>impares</strong></span> <span class='ocrx_word' id='word_1_118' title='bbox 1153 1867 1284 1915; x_wconf 86' lang='lat' dir='ltr'><strong>eraut,</strong></span> <span class='ocrx_word' id='word_1_119' title='bbox 1325 1866 1449 1903; x_wconf 89' lang='lat' dir='ltr'><strong>totam</strong></span> <span class='ocrx_word' id='word_1_120' title='bbox 1489 1858 1714 1919; x_wconf 90' lang='lat' dir='ltr'><strong>ponendam</strong></span> <span class='ocrx_word' id='word_1_121' title='bbox 1754 1865 1923 1903; x_wconf 88' lang='lat' dir='ltr'><strong>statuam</strong></span> <span class='ocrx_word' id='word_1_122' title='bbox 1964 1859 2213 1918; x_wconf 87' lang='lat' dir='ltr'><strong>suscepisset</strong></span> <span class='ocrx_word' id='word_1_123' title='bbox 2249 1873 2374 1916; x_wconf 91' lang='lat' dir='ltr'><strong>eaque</strong></span> 
     </span>
     <span class='ocr_line' id='line_1_11' title="bbox 252 1951 2372 2012; baseline -0 -17"><span class='ocrx_word' id='word_1_124' title='bbox 252 1952 436 2012; x_wconf 87' lang='lat' dir='ltr'><strong>perfecta</strong></span> <span class='ocrx_word' id='word_1_125' title='bbox 471 1951 591 1995; x_wconf 87' lang='lat' dir='ltr'><strong>laude</strong></span> <span class='ocrx_word' id='word_1_126' title='bbox 631 1966 676 1995; x_wconf 86' lang='lat' dir='ltr'><strong>se</strong></span> <span class='ocrx_word' id='word_1_127' title='bbox 717 1952 882 2010; x_wconf 84' lang='lat' dir='ltr'><strong>dignum</strong></span> <span class='ocrx_word' id='word_1_128' title='bbox 926 1951 1019 1995; x_wconf 85' lang='lat' dir='ltr'><strong>fore</strong></span> <span class='ocrx_word' id='word_1_129' title='bbox 1047 1957 1256 2011; x_wconf 86' lang='lat' dir='ltr'><strong>speraret:</strong></span> <span class='ocrx_word' id='word_1_130' title='bbox 1287 1967 1378 2007; x_wconf 89' lang='lat' dir='ltr'><strong>nos,</strong></span> <span class='ocrx_word' id='word_1_131' title='bbox 1410 1952 1444 1995; x_wconf 90' lang='lat' dir='ltr'><strong>si</strong></span> <span class='ocrx_word' id='word_1_132' title='bbox 1474 1953 1599 2011; x_wconf 86' lang='lat' dir='ltr'><strong>partis</strong></span> <span class='ocrx_word' id='word_1_133' title='bbox 1631 1953 1733 2009; x_wconf 87' lang='lat' dir='ltr'><strong>ejus,</strong></span> <span class='ocrx_word' id='word_1_134' title='bbox 1766 1966 1879 2009; x_wconf 85' lang='lat' dir='ltr'><strong>quam</strong></span> <span class='ocrx_word' id='word_1_135' title='bbox 1911 1967 2016 1995; x_wconf 89' lang='lat' dir='ltr'><strong>nunc</strong></span> <span class='ocrx_word' id='word_1_136' title='bbox 2047 1952 2192 1995; x_wconf 86' lang='lat' dir='ltr'><strong>edituri</strong></span> <span class='ocrx_word' id='word_1_137' title='bbox 2222 1965 2372 2006; x_wconf 89' lang='lat' dir='ltr'><strong>sumus,</strong></span> 
     </span>
    </p>
   </div>
   <div class='ocr_carea' id='block_1_2' title="bbox 252 2043 1201 2103">
    <p class='ocr_par' dir='ltr' id='par_1_2' title="bbox 252 2043 1201 2103">
     <span class='ocr_line' id='line_1_12' title="bbox 252 2043 1201 2103; baseline -0.001 -16"><span class='ocrx_word' id='word_1_138' title='bbox 252 2044 443 2103; x_wconf 86' lang='lat' dir='ltr'><strong>quaedam</strong></span> <span class='ocrx_word' id='word_1_139' title='bbox 473 2050 591 2086; x_wconf 91' lang='lat' dir='ltr'><strong>erunt</strong></span> <span class='ocrx_word' id='word_1_140' title='bbox 621 2043 858 2102; x_wconf 88' lang='lat' dir='ltr'><strong>probabilia,</strong></span> <span class='ocrx_word' id='word_1_141' title='bbox 890 2044 1201 2101; x_wconf 87' lang='lat' dir='ltr'><strong>acquiescemus.</strong></span> 
     </span>
    </p>
   </div>
   <div class='ocr_carea' id='block_1_3' title="bbox 497 2200 2128 2366">
    <p class='ocr_par' dir='ltr' id='par_1_3' title="bbox 497 2200 2128 2366">
     <span class='ocr_line' id='line_1_13' title="bbox 714 2200 1913 2278; baseline 0.001 -19"><span class='ocrx_word' id='word_1_142' title='bbox 714 2200 776 2260; x_wconf 77' lang='lat'><strong>1.&#39;</strong></span> <span class='ocrx_word' id='word_1_143' title='bbox 824 2215 929 2262; x_wconf 81' lang='lat' dir='ltr'><strong>ne</strong></span> <span class='ocrx_word' id='word_1_144' title='bbox 958 2216 1118 2263; x_wconf 79' lang='lat' dir='ltr'><strong>nor.</strong></span> <span class='ocrx_word' id='word_1_145' title='bbox 1148 2217 1265 2275; x_wconf 74' lang='lat' dir='ltr'><strong>Ep.</strong></span> <span class='ocrx_word' id='word_1_146' title='bbox 1298 2216 1377 2263; x_wconf 79' lang='lat' dir='ltr'><strong>au</strong></span> <span class='ocrx_word' id='word_1_147' title='bbox 1407 2215 1544 2278; x_wconf 66' lang='lat' dir='ltr'><strong>Pis.</strong></span> <span class='ocrx_word' id='word_1_148' title='bbox 1575 2228 1635 2262; x_wconf 82' lang='lat' dir='ltr'><strong>v.</strong></span> <span class='ocrx_word' id='word_1_149' title='bbox 1668 2216 1743 2263; x_wconf 68' lang='lat'><strong>⁷5</strong></span> <span class='ocrx_word' id='word_1_150' title='bbox 1776 2225 1913 2273; x_wconf 75' lang='lat' dir='ltr'><strong>sqq.</strong></span> 
     </span>
     <span class='ocr_line' id='line_1_14' title="bbox 497 2305 2128 2366; baseline 0.002 -16"><span class='ocrx_word' id='word_1_151' title='bbox 497 2305 726 2362; x_wconf 79' lang='lat' dir='ltr'><strong>paucis</strong></span> <span class='ocrx_word' id='word_1_152' title='bbox 758 2306 1146 2363; x_wconf 75' lang='lat' dir='ltr'><strong>praemissis</strong></span> <span class='ocrx_word' id='word_1_153' title='bbox 1178 2307 1260 2355; x_wconf 82' lang='lat' dir='ltr'><strong>de</strong></span> <span class='ocrx_word' id='word_1_154' title='bbox 1291 2308 1605 2355; x_wconf 80' lang='lat' dir='ltr'><strong>universa</strong></span> <span class='ocrx_word' id='word_1_155' title='bbox 1634 2320 1691 2354; x_wconf 81' lang='lat' dir='ltr'><strong>a.</strong></span> <span class='ocrx_word' id='word_1_156' title='bbox 1722 2307 1797 2355; x_wconf 88' lang='lat' dir='ltr'><strong>P.</strong></span> <span class='ocrx_word' id='word_1_157' title='bbox 1828 2305 2128 2366; x_wconf 75' lang='lat' dir='ltr'><strong>epistola.</strong></span> 
     </span>
    </p>
   </div>
   <div class='ocr_carea' id='block_1_4' title="bbox 250 2418 2375 3130">
    <p class='ocr_par' dir='ltr' id='par_1_4' title="bbox 250 2418 2375 3036">
     <span class='ocr_line' id='line_1_15' title="bbox 365 2418 2371 2482; baseline 0.002 -21"><span class='ocrx_word' id='word_1_158' title='bbox 365 2418 458 2462; x_wconf 86' lang='lat' dir='ltr'><strong>Jam</strong></span> <span class='ocrx_word' id='word_1_159' title='bbox 489 2418 713 2463; x_wconf 88' lang='lat' dir='ltr'><strong>accedimus</strong></span> <span class='ocrx_word' id='word_1_160' title='bbox 744 2419 794 2464; x_wconf 89' lang='lat' dir='ltr'><strong>ad</strong></span> <span class='ocrx_word' id='word_1_161' title='bbox 824 2420 987 2465; x_wconf 89' lang='lat' dir='ltr'><strong>Horatii</strong></span> <span class='ocrx_word' id='word_1_162' title='bbox 1019 2436 1072 2465; x_wconf 89' lang='lat' dir='ltr'><strong>ex</strong></span> <span class='ocrx_word' id='word_1_163' title='bbox 1103 2421 1292 2481; x_wconf 87' lang='lat' dir='ltr'><strong>Epistola</strong></span> <span class='ocrx_word' id='word_1_164' title='bbox 1327 2422 1379 2465; x_wconf 91' lang='lat' dir='ltr'><strong>ad</strong></span> <span class='ocrx_word' id='word_1_165' title='bbox 1413 2422 1593 2482; x_wconf 83' lang='lat' dir='ltr'><strong>Pisones</strong></span> <span class='ocrx_word' id='word_1_166' title='bbox 1633 2422 1776 2478; x_wconf 86' lang='lat' dir='ltr'><strong>locum,</strong></span> <span class='ocrx_word' id='word_1_167' title='bbox 1822 2422 1885 2465; x_wconf 89' lang='lat' dir='ltr'><strong>cui</strong></span> <span class='ocrx_word' id='word_1_168' title='bbox 1927 2436 2055 2481; x_wconf 88' lang='lat' dir='ltr'><strong>pauca</strong></span> <span class='ocrx_word' id='word_1_169' title='bbox 2098 2421 2280 2465; x_wconf 89' lang='lat' dir='ltr'><strong>volumus</strong></span> <span class='ocrx_word' id='word_1_170' title='bbox 2322 2421 2371 2465; x_wconf 91' lang='lat' dir='ltr'><strong>de</strong></span> 
     </span>
     <span class='ocr_line' id='line_1_16' title="bbox 253 2492 2373 2574; baseline 0.002 -23"><span class='ocrx_word' id='word_1_171' title='bbox 253 2509 440 2552; x_wconf 87' lang='lat' dir='ltr'><strong>universa</strong></span> <span class='ocrx_word' id='word_1_172' title='bbox 470 2510 544 2553; x_wconf 89' lang='lat' dir='ltr'><strong>hac</strong></span> <span class='ocrx_word' id='word_1_173' title='bbox 574 2511 750 2570; x_wconf 86' lang='lat' dir='ltr'><strong>epistola</strong></span> <span class='ocrx_word' id='word_1_174' title='bbox 779 2512 996 2571; x_wconf 88' lang='lat' dir='ltr'><strong>praemitti.</strong></span> <span class='ocrx_word' id='word_1_175' title='bbox 1058 2511 1164 2556; x_wconf 91' lang='lat' dir='ltr'><strong>Olim</strong></span> <span class='ocrx_word' id='word_1_176' title='bbox 1194 2513 1299 2556; x_wconf 90' lang='lat' dir='ltr'><strong>enim</strong></span> <span class='ocrx_word' id='word_1_177' title='bbox 1329 2513 1396 2556; x_wconf 94' lang='lat' dir='ltr'><strong>diu</strong></span> <span class='ocrx_word' id='word_1_178' title='bbox 1426 2513 1664 2573; x_wconf 85' lang='lat' dir='ltr'><strong>multumque</strong></span> <span class='ocrx_word' id='word_1_179' title='bbox 1698 2492 1941 2573; x_wconf 85' lang='lat' dir='ltr'><strong>disputatum</strong></span> <span class='ocrx_word' id='word_1_180' title='bbox 1968 2521 2122 2558; x_wconf 88' lang='lat' dir='ltr'><strong>estnec</strong></span> <span class='ocrx_word' id='word_1_181' title='bbox 2143 2515 2240 2557; x_wconf 89' lang='lat' dir='ltr'><strong>mihi</strong></span> <span class='ocrx_word' id='word_1_182' title='bbox 2262 2515 2373 2574; x_wconf 90' lang='lat' dir='ltr'><strong>prius</strong></span> 
     </span>
     <span class='ocr_line' id='line_1_17' title="bbox 252 2598 2374 2676; baseline 0.004 -35"><span class='ocrx_word' id='word_1_183' title='bbox 252 2613 368 2657; x_wconf 90' lang='lat' dir='ltr'><strong>quam</strong></span> <span class='ocrx_word' id='word_1_184' title='bbox 398 2598 617 2658; x_wconf 86' lang='lat' dir='ltr'><strong>diligenter</strong></span> <span class='ocrx_word' id='word_1_185' title='bbox 646 2603 782 2646; x_wconf 90' lang='lat' dir='ltr'><strong>varias</strong></span> <span class='ocrx_word' id='word_1_186' title='bbox 812 2604 1034 2658; x_wconf 80' lang='lat' dir='ltr'><strong>sententias</strong></span> <span class='ocrx_word' id='word_1_187' title='bbox 1066 2604 1339 2648; x_wconf 83' lang='lat' dir='ltr'><strong>examinarem</strong></span> <span class='ocrx_word' id='word_1_188' title='bbox 1369 2605 1492 2676; x_wconf 76' lang='lat' dir='ltr'><strong>plane</strong></span> <span class='ocrx_word' id='word_1_189' title='bbox 1521 2606 1769 2665; x_wconf 85' lang='lat' dir='ltr'><strong>perspicuum</strong></span> <span class='ocrx_word' id='word_1_190' title='bbox 1802 2613 1903 2662; x_wconf 89' lang='lat' dir='ltr'><strong>erat,</strong></span> <span class='ocrx_word' id='word_1_191' title='bbox 1946 2605 2040 2665; x_wconf 88' lang='lat' dir='ltr'><strong>quid</strong></span> <span class='ocrx_word' id='word_1_192' title='bbox 2070 2605 2231 2649; x_wconf 85' lang='lat' dir='ltr'><strong>tandem</strong></span> <span class='ocrx_word' id='word_1_193' title='bbox 2264 2616 2374 2650; x_wconf 89' lang='lat' dir='ltr'><strong>esset</strong></span> 
     </span>
     <span class='ocr_line' id='line_1_18' title="bbox 253 2674 2374 2760; baseline 0.004 -27"><span class='ocrx_word' id='word_1_194' title='bbox 253 2691 359 2749; x_wconf 90' lang='lat' dir='ltr'><strong>quod</strong></span> <span class='ocrx_word' id='word_1_195' title='bbox 388 2697 509 2751; x_wconf 89' lang='lat' dir='ltr'><strong>poeta</strong></span> <span class='ocrx_word' id='word_1_196' title='bbox 537 2695 700 2751; x_wconf 88' lang='lat' dir='ltr'><strong>assequi</strong></span> <span class='ocrx_word' id='word_1_197' title='bbox 730 2693 802 2738; x_wconf 90' lang='lat' dir='ltr'><strong>hac</strong></span> <span class='ocrx_word' id='word_1_198' title='bbox 834 2695 1009 2754; x_wconf 89' lang='lat' dir='ltr'><strong>epistola</strong></span> <span class='ocrx_word' id='word_1_199' title='bbox 1039 2691 1245 2760; x_wconf 69' lang='lat' dir='ltr'><strong>voluisset.</strong></span> <span class='ocrx_word' id='word_1_200' title='bbox 1303 2674 1393 2747; x_wconf 85' lang='lat' dir='ltr'><strong>Jam</strong></span> <span class='ocrx_word' id='word_1_201' title='bbox 1423 2711 1518 2741; x_wconf 89' lang='lat' dir='ltr'><strong>vero</strong></span> <span class='ocrx_word' id='word_1_202' title='bbox 1550 2711 1635 2740; x_wconf 92' lang='lat' dir='ltr'><strong>cum</strong></span> <span class='ocrx_word' id='word_1_203' title='bbox 1666 2712 1720 2741; x_wconf 84' lang='lat' dir='ltr'><strong>ex</strong></span> <span class='ocrx_word' id='word_1_204' title='bbox 1750 2699 1892 2741; x_wconf 90' lang='lat' dir='ltr'><strong>summi</strong></span> <span class='ocrx_word' id='word_1_205' title='bbox 1922 2698 2001 2741; x_wconf 90' lang='lat' dir='ltr'><strong>viri</strong></span> <span class='ocrx_word' id='word_1_206' title='bbox 2033 2697 2295 2757; x_wconf 88' lang='lat' dir='ltr'><strong>Bernhardyi</strong></span> <span class='ocrx_word' id='word_1_207' title='bbox 2321 2698 2374 2742; x_wconf 93' lang='lat' dir='ltr'><strong>ad</strong></span> 
     </span>
     <span class='ocr_line' id='line_1_19' title="bbox 250 2780 2375 2848; baseline 0.005 -24"><span class='ocrx_word' id='word_1_208' title='bbox 250 2780 356 2825; x_wconf 87' lang='lat' dir='ltr'><strong>hanc</strong></span> <span class='ocrx_word' id='word_1_209' title='bbox 385 2783 593 2842; x_wconf 86' lang='lat' dir='ltr'><strong>epistolam</strong></span> <span class='ocrx_word' id='word_1_210' title='bbox 619 2786 833 2844; x_wconf 83' lang='lat' dir='ltr'><strong>prooemio</strong></span> <span class='ocrx_word' id='word_1_211' title='bbox 864 2787 992 2845; x_wconf 89' lang='lat' dir='ltr'><strong>prima</strong></span> <span class='ocrx_word' id='word_1_212' title='bbox 1021 2786 1118 2844; x_wconf 85' lang='lat' dir='ltr'><strong>mibi</strong></span> <span class='ocrx_word' id='word_1_213' title='bbox 1146 2802 1296 2846; x_wconf 90' lang='lat' dir='ltr'><strong>paucos</strong></span> <span class='ocrx_word' id='word_1_214' title='bbox 1326 2795 1421 2831; x_wconf 90' lang='lat' dir='ltr'><strong>ante</strong></span> <span class='ocrx_word' id='word_1_215' title='bbox 1457 2803 1585 2832; x_wconf 88' lang='lat' dir='ltr'><strong>annos</strong></span> <span class='ocrx_word' id='word_1_216' title='bbox 1626 2789 1849 2848; x_wconf 87' lang='lat' dir='ltr'><strong>affulgeret</strong></span> <span class='ocrx_word' id='word_1_217' title='bbox 1888 2790 1972 2846; x_wconf 85' lang='lat' dir='ltr'><strong>lux,</strong></span> <span class='ocrx_word' id='word_1_218' title='bbox 2013 2805 2164 2834; x_wconf 82' lang='lat' dir='ltr'><strong>summa</strong></span> <span class='ocrx_word' id='word_1_219' title='bbox 2203 2805 2256 2833; x_wconf 83' lang='lat' dir='ltr'><strong>ex</strong></span> <span class='ocrx_word' id='word_1_220' title='bbox 2296 2791 2375 2835; x_wconf 92' lang='lat' dir='ltr'><strong>hoc</strong></span> 
     </span>
     <span class='ocr_line' id='line_1_20' title="bbox 252 2858 2370 2942; baseline 0.005 -27"><span class='ocrx_word' id='word_1_221' title='bbox 252 2874 386 2932; x_wconf 85' lang='lat' dir='ltr'><strong>capita</strong></span> <span class='ocrx_word' id='word_1_222' title='bbox 415 2877 493 2926; x_wconf 87' lang='lat' dir='ltr'><strong>huc</strong></span> <span class='ocrx_word' id='word_1_223' title='bbox 522 2858 659 2919; x_wconf 80' lang='lat' dir='ltr'><strong>licebit</strong></span> <span class='ocrx_word' id='word_1_224' title='bbox 689 2879 925 2922; x_wconf 84' lang='lat' dir='ltr'><strong>transferre.</strong></span> <span class='ocrx_word' id='word_1_225' title='bbox 986 2878 1117 2923; x_wconf 87' lang='lat' dir='ltr'><strong>Varia</strong></span> <span class='ocrx_word' id='word_1_226' title='bbox 1148 2887 1279 2922; x_wconf 91' lang='lat' dir='ltr'><strong>autem</strong></span> <span class='ocrx_word' id='word_1_227' title='bbox 1311 2880 1362 2923; x_wconf 91' lang='lat' dir='ltr'><strong>de</strong></span> <span class='ocrx_word' id='word_1_228' title='bbox 1393 2889 1537 2941; x_wconf 89' lang='lat' dir='ltr'><strong>poetae</strong></span> <span class='ocrx_word' id='word_1_229' title='bbox 1566 2883 1607 2924; x_wconf 94' lang='lat' dir='ltr'><strong>in</strong></span> <span class='ocrx_word' id='word_1_230' title='bbox 1640 2883 1714 2924; x_wconf 89' lang='lat' dir='ltr'><strong>hac</strong></span> <span class='ocrx_word' id='word_1_231' title='bbox 1744 2883 1919 2942; x_wconf 87' lang='lat' dir='ltr'><strong>epistola</strong></span> <span class='ocrx_word' id='word_1_232' title='bbox 1950 2882 2247 2926; x_wconf 89' lang='lat' dir='ltr'><strong>conscribenda</strong></span> <span class='ocrx_word' id='word_1_233' title='bbox 2275 2899 2370 2926; x_wconf 92' lang='lat' dir='ltr'><strong>con-</strong></span> 
     </span>
     <span class='ocr_line' id='line_1_21' title="bbox 252 2964 1893 3036; baseline 0.005 -27"><span class='ocrx_word' id='word_1_234' title='bbox 252 2964 345 3009; x_wconf 85' lang='lat' dir='ltr'><strong>silio</strong></span> <span class='ocrx_word' id='word_1_235' title='bbox 370 2966 524 3024; x_wconf 87' lang='lat' dir='ltr'><strong>judicia</strong></span> <span class='ocrx_word' id='word_1_236' title='bbox 553 2975 737 3013; x_wconf 87' lang='lat' dir='ltr'><strong>accurate</strong></span> <span class='ocrx_word' id='word_1_237' title='bbox 766 2975 805 3013; x_wconf 93' lang='lat' dir='ltr'><strong>et</strong></span> <span class='ocrx_word' id='word_1_238' title='bbox 836 2968 1011 3014; x_wconf 88' lang='lat' dir='ltr'><strong>dilucide</strong></span> <span class='ocrx_word' id='word_1_239' title='bbox 1039 2970 1239 3029; x_wconf 83' lang='lat' dir='ltr'><strong>singulari</strong></span> <span class='ocrx_word' id='word_1_240' title='bbox 1270 2971 1377 3036; x_wconf 89' lang='lat' dir='ltr'><strong>libro</strong></span> <span class='ocrx_word' id='word_1_241' title='bbox 1411 2973 1601 3031; x_wconf 86' lang='lat' dir='ltr'><strong>exposuit</strong></span> <span class='ocrx_word' id='word_1_242' title='bbox 1631 2972 1893 3018; x_wconf 85' lang='lat' dir='ltr'><strong>Streuberus.</strong></span> 
     </span>
    </p>

    <p class='ocr_par' dir='ltr' id='par_1_5' title="bbox 367 3036 2370 3130">
     <span class='ocr_line' id='line_1_22' title="bbox 367 3036 2370 3130; baseline 0.004 -29"><span class='ocrx_word' id='word_1_243' title='bbox 367 3058 526 3103; x_wconf 87' lang='lat' dir='ltr'><strong>Etenim</strong></span> <span class='ocrx_word' id='word_1_244' title='bbox 557 3076 643 3103; x_wconf 91' lang='lat' dir='ltr'><strong>cum</strong></span> <span class='ocrx_word' id='word_1_245' title='bbox 673 3060 744 3103; x_wconf 91' lang='lat' dir='ltr'><strong>alii</strong></span> <span class='ocrx_word' id='word_1_246' title='bbox 774 3060 989 3104; x_wconf 90' lang='lat' dir='ltr'><strong>Horatium</strong></span> <span class='ocrx_word' id='word_1_247' title='bbox 1019 3061 1203 3105; x_wconf 89' lang='lat' dir='ltr'><strong>dicerent</strong></span> <span class='ocrx_word' id='word_1_248' title='bbox 1231 3062 1272 3105; x_wconf 89' lang='lat' dir='ltr'><strong>in</strong></span> <span class='ocrx_word' id='word_1_249' title='bbox 1304 3036 1380 3130; x_wconf 75' lang='lat' dir='ltr'><strong>hac</strong></span> <span class='ocrx_word' id='word_1_250' title='bbox 1410 3063 1584 3123; x_wconf 81' lang='lat' dir='ltr'><strong>epistola</strong></span> <span class='ocrx_word' id='word_1_251' title='bbox 1614 3072 1841 3127; x_wconf 25' lang='lat' dir='ltr'><strong>(praecepta</strong></span> <span class='ocrx_word' id='word_1_252' title='bbox 1880 3065 1930 3108; x_wconf 89' lang='lat' dir='ltr'><strong>de</strong></span> <span class='ocrx_word' id='word_1_253' title='bbox 1970 3072 2059 3108; x_wconf 89' lang='lat' dir='ltr'><strong>arte</strong></span> <span class='ocrx_word' id='word_1_254' title='bbox 2101 3067 2264 3125; x_wconf 89' lang='lat' dir='ltr'><strong>poetica</strong></span> <span class='ocrx_word' id='word_1_255' title='bbox 2303 3067 2370 3110; x_wconf 91' lang='lat' dir='ltr'><strong>de-</strong></span> 
     </span>
    </p>
   </div>
   <div class='ocr_carea' id='block_1_5' title="bbox 243 3148 2370 3262">
    <p class='ocr_par' dir='ltr' id='par_1_6' title="bbox 243 3148 2370 3262">
     <span class='ocr_line' id='line_1_23' title="bbox 243 3148 2370 3217; baseline 0.004 -25"><span class='ocrx_word' id='word_1_256' title='bbox 243 3148 364 3197; x_wconf 71' lang='lat' dir='ltr'><strong>,disse</strong></span> <span class='ocrx_word' id='word_1_257' title='bbox 394 3150 503 3194; x_wconf 91' lang='lat' dir='ltr'><strong>nullo</strong></span> <span class='ocrx_word' id='word_1_258' title='bbox 535 3152 694 3209; x_wconf 89' lang='lat' dir='ltr'><strong>quidem</strong></span> <span class='ocrx_word' id='word_1_259' title='bbox 727 3152 866 3196; x_wconf 86' lang='lat' dir='ltr'><strong>ordine</strong></span> <span class='ocrx_word' id='word_1_260' title='bbox 899 3168 974 3196; x_wconf 87' lang='lat' dir='ltr'><strong>nec</strong></span> <span class='ocrx_word' id='word_1_261' title='bbox 1006 3161 1118 3211; x_wconf 82' lang='lat' dir='ltr'><strong>certa</strong></span> <span class='ocrx_word' id='word_1_262' title='bbox 1148 3154 1309 3198; x_wconf 89' lang='lat' dir='ltr'><strong>ratione</strong></span> <span class='ocrx_word' id='word_1_263' title='bbox 1331 3156 1568 3215; x_wconf 87' lang='lat' dir='ltr'><strong>composita,</strong></span> <span class='ocrx_word' id='word_1_264' title='bbox 1590 3156 1660 3200; x_wconf 89' lang='lat' dir='ltr'><strong>alii</strong></span> <span class='ocrx_word' id='word_1_265' title='bbox 1681 3158 1901 3217; x_wconf 85' lang='lat' dir='ltr'><strong>perfectam</strong></span> <span class='ocrx_word' id='word_1_266' title='bbox 1924 3159 2025 3200; x_wconf 91' lang='lat' dir='ltr'><strong>artis</strong></span> <span class='ocrx_word' id='word_1_267' title='bbox 2047 3159 2232 3217; x_wconf 83' lang='lat' dir='ltr'><strong>poeticae</strong></span> <span class='ocrx_word' id='word_1_268' title='bbox 2253 3165 2370 3215; x_wconf 86' lang='lat' dir='ltr'><strong>atque</strong></span> 
     </span>
     <span class='ocr_line' id='line_1_24' title="bbox 2098 3228 2116 3262; baseline 0 0"><span class='ocrx_word' id='word_1_269' title='bbox 2098 3228 2116 3262; x_wconf 88' lang='lat'>1</span> 
     </span>
    </p>
   </div>
  </div>
 </body>
</html>
