2652 3689
1302 324 1329 371 7

247 460 371 498 'versu
400 454 480 497 vim
510 464 559 494 ac
587 456 829 511 potestatem
861 451 1006 494 balneat
1037 451 1203 494 verbum
1231 452 1387 495 tollere.
1449 451 1534 495 Sed
1565 454 1599 495 si
1630 453 1815 496 videmus
1849 460 1889 495 et
1918 454 2159 512 cogitamus,
2190 462 2379 514 quantam

256 545 393 590 desso
436 542 512 585 viri
552 541 773 587 doctissimi
804 542 1050 600 discrepent,
1093 549 1268 601 quotque
1308 542 1360 585 de
1397 557 1452 585 ea
1493 558 1540 586 re
1594 544 1801 603 disputare
1838 546 1917 588 sibi
1959 548 2263 605 proposuerint,
2303 550 2377 604 ita,

248 638 299 682 'ut
320 632 595 693 'unusquisque
624 647 735 679 suam
765 646 841 694 pro
872 638 986 677 recta
1015 639 1057 677 et
1086 642 1198 678 certa
1229 634 1384 677 habens
1426 634 1598 679 aliorum
1637 637 1875 680 sententiam
1917 638 2124 681 infirmare
2166 639 2376 682 studeret:

248 737 335 772 ‘non
362 723 445 783 jam
474 723 628 771 inutilis
657 724 860 770 videbitur
888 722 981 769 talis
1008 723 1214 784 quaestio.
1273 723 1393 768 Hanc
1422 732 1555 769 tamen
1588 740 1640 770 ne
1670 728 1729 770 sic
1769 727 1926 786 quidem
1969 728 2133 773 fuissem
2176 730 2377 774 institutu-

253 807 339 872 rus,
364 826 456 860 'cum
487 829 640 861 summa
661 827 850 875 ‘quaeque
879 816 1013 876 capita
1041 815 1094 860 ad
1123 821 1304 860 nostrum
1337 816 1467 861 locum
1497 818 1749 877 pertinentia
1779 834 1802 862 a
1833 818 2064 864 Kirchnero
2091 822 2171 879 jam
2205 828 2378 866 tractata

253 910 337 954 sint
367 908 531 968 ejusque
562 907 613 952 ad
644 903 812 952 Horatii
840 907 966 952 verba
995 907 1261 951 annotatione
1292 922 1361 951 res
1385 908 1469 966 jam
1500 907 1551 952 ad
1583 908 1775 968 liquidum
1806 910 1999 970 perducta
2039 912 2255 969 videretur,
2298 914 2378 958 nisi

243 1002 476 1045 'novissime
504 998 680 1044 viderem
712 1000 753 1044 in
784 997 963 1044 editione
992 998 1158 1043 Horatii
1188 1014 1303 1058 qnam
1335 1002 1489 1045 curavit
1522 1002 1590 1045 Fr.
1622 1001 1764 1046 Ritter
1805 1004 1919 1047 nulla
1958 1005 2047 1048 fere
2091 1006 2375 1066 disputationis

253 1090 578 1136 Kirchnerianae
607 1092 767 1135 ratione
798 1092 933 1135 habita
961 1097 1146 1135 nostrum
1175 1091 1305 1136 locum
1338 1107 1504 1151 prorsus
1536 1095 1743 1137 contraria
1773 1095 1913 1139 iterum
1945 1098 2103 1140 ratione
2136 1098 2265 1142 fuisse
2304 1113 2374 1143 ex-

251 1184 452 1244 plicatum.
510 1183 605 1227 Non
635 1184 763 1242 igitur
792 1183 882 1227 sine
911 1197 1065 1242 pavore
1093 1181 1265 1240 quodam
1296 1183 1537 1227 confite-ur
1566 1199 1642 1228 nos
1686 1185 1735 1228 ad
1777 1189 2030 1246 propositum
2076 1198 2256 1233 nostrum
2300 1205 2375 1249 ag·

252 1276 388 1334 gredi,
420 1287 507 1317 cum
548 1275 668 1318 toties
702 1275 786 1331 jam
829 1273 878 1317 de
921 1274 1059 1317 eadem
1098 1274 1174 1317 hac
1212 1289 1259 1317 re
1299 1273 1548 1332 disquisitum
1591 1277 1657 1319 sit.
1717 1275 1898 1332 Accedit,
1939 1279 2043 1336 quod
2087 1280 2241 1324 duobus
2283 1280 2376 1325 aliis

249 1368 350 1410 locis
381 1364 706 1421 considerandis,
738 1379 836 1423 quos
866 1366 918 1408 ab
949 1366 1134 1408 omnibus
1165 1366 1254 1409 fere
1286 1365 1336 1408 ad
1368 1367 1404 1409 h.
1435 1366 1461 1408 l.
1492 1367 1781 1426 interpretibus
1813 1379 2069 1428 comparatos
2111 1386 2188 1413 non
2233 1386 2376 1430 possu-

250 1474 337 1504 mus
366 1460 529 1503 silentio
558 1458 904 1517 praetermittere,
935 1457 1153 1517 disputatio
1186 1466 1227 1500 et
1256 1458 1375 1518 paulo
1408 1458 1578 1517 longior
1605 1459 1676 1501 fiet
1706 1467 1748 1501 et
1777 1459 1999 1504 difficilior.
2047 1461 2205 1522 Quippe
2237 1462 2373 1505 Hora-

251 1551 330 1594 tius
361 1552 401 1594 in
433 1549 521 1593 Sat.
553 1549 588 1592 Ι.
624 1548 690 1604 10,
721 1548 778 1592 50
807 1563 891 1607 sqq.
925 1548 976 1591 de
1005 1549 1171 1592 Lucilio
1198 1549 1408 1606 judicium,
1441 1548 1548 1607 quod
1576 1558 1719 1593 nostro
1754 1551 1843 1594 loco
1876 1553 2048 1609 profert,
2091 1553 2183 1596 aliis
2222 1555 2373 1612 repetit

249 1642 403 1684 verbis:
434 1654 513 1683 nec
541 1654 622 1682 non
655 1638 930 1688 Quintilianus
961 1639 1037 1696 (X.
1071 1638 1112 1695 1,
1143 1639 1222 1696 94)
1254 1640 1417 1683 Horatii
1455 1641 1695 1683 sententiam
1737 1641 1895 1699 paulum
1937 1643 2103 1685 varians
2143 1645 2372 1686 orationem

250 1731 380 1776 affert.
439 1731 531 1775 Jam
562 1742 661 1773 vero
691 1728 758 1771 his
787 1727 1017 1770 rationibus
1047 1725 1259 1786 perculsos
1288 1741 1366 1772 nos
1393 1734 1435 1772 et
1466 1729 1601 1771 animo
1631 1729 1785 1771 fractos
1816 1742 1909 1787 spes
1941 1728 2066 1786 erigit
2088 1729 2190 1781 sore,
2214 1737 2256 1772 ut
2277 1731 2368 1789 ipsa

246 1821 388 1866 horum
419 1821 538 1865 trium
568 1819 751 1864 locorum
782 1818 1048 1879 comparatio,
1079 1818 1258 1877 quamvis
1286 1817 1416 1876 magis
1445 1817 1676 1878 impeditam
1698 1818 1847 1862 efficiat
1867 1818 2195 1878 disputationem,
2219 1828 2367 1877 tamen,

247 1914 283 1958 si
315 1913 448 1956 omnia
476 1910 806 1973 perpenderimus
835 1917 1088 1970 argumenta,
1119 1893 1234 1953 tanto
1266 1910 1397 1969 magis
1421 1908 1612 1967 judicium
1645 1917 1823 1953 nostrum
1854 1911 1910 1953 sit
1937 1911 2161 1955 firmatura.

360 2003 502 2062 Itaque
530 2003 682 2063 primus
711 1989 899 2046 nostrum*
927 2002 1057 2046 locum
1087 2002 1315 2045 accuratius
1345 2001 1552 2045 illustrare
1582 2003 1798 2045 conabatur
1827 2001 2096 2061 Spaldingius
2125 2004 2166 2045 in
2190 2003 2368 2047 editione

248 2111 362 2153 quam
410 2096 568 2138 curavit
611 2093 881 2149 Quintiliani,
926 2094 1038 2151 cujus
1084 2095 1328 2153 impugnans
1371 2094 1611 2136 sententiam
1659 2094 1923 2137 Buttmannus
1969 2095 2010 2137 in
2056 2094 2266 2138 Addendis
2312 2096 2363 2139 ad

245 2184 415 2237 Quintil.
445 2185 502 2230 X.
535 2186 576 2242 1,
606 2184 663 2229 94
693 2186 832 2230 eadem
863 2186 952 2230 fere
981 2184 1032 2228 de
1063 2183 1139 2227 hac
1168 2199 1216 2228 re
1255 2185 1426 2244 exponit
1465 2198 1564 2243 quae
1601 2190 1746 2244 postea
1784 2183 2046 2227 Heindorfius
2087 2184 2139 2227 ad
2180 2192 2361 2230 nostrum

244 2276 389 2319 locum.
451 2276 609 2320 Contra
638 2278 714 2320 hos
742 2290 839 2319 vero
870 2290 946 2334 qua
976 2275 1084 2319 solet
1112 2276 1335 2318 subtilitate
1363 2285 1517 2333 pugnat
1550 2276 1618 2317 Fr.
1651 2276 1756 2332 Aug.
1792 2274 1968 2317 Wollius
1999 2276 2038 2317 in
2062 2275 2270 2318 Analectis
2298 2277 2364 2319 lit-

246 2368 412 2412 terariis
441 2368 475 2412 Ι.
508 2383 546 2428 p·
579 2366 672 2414 185.
733 2367 813 2418 Qui
842 2367 914 2410 alii
945 2366 996 2409 de
1026 2373 1171 2409 nostro
1205 2366 1295 2409 loco
1327 2366 1643 2426 disputaverunt,
1674 2380 1745 2409 eos
1776 2365 2030 2408 Kirchnerus
2065 2365 2211 2410 attulit.
2270 2367 2361 2412 Jam

244 2468 427 2503 nostrum
459 2467 523 2502 est
553 2473 762 2519 exponere
789 2459 985 2514 rationes,
1017 2473 1118 2517 quae
1147 2465 1189 2502 et
1218 2459 1268 2501 ab
1298 2457 1380 2501 illis
1412 2464 1454 2501 et
1482 2458 1532 2501 ab
1555 2458 1633 2501 hoc
1654 2456 1802 2501 allatae
1823 2464 1930 2512 sunt,
1961 2465 2003 2499 ut
2023 2457 2205 2517 pondere
2227 2474 2361 2504 earum

245 2565 448 2612 perpenso
481 2565 578 2610 quas
608 2566 684 2595 nos
714 2552 918 2611 sequimur
944 2557 1082 2612 partes
1113 2549 1388 2594 defendamus.

359 2643 627 2687 Buttmaunus
666 2644 797 2703 igitur
834 2649 918 2687 tres
955 2642 1076 2686 affert
1115 2644 1318 2698 rationes,
1361 2643 1501 2700 quibus
1541 2641 1629 2684 vult
1668 2641 1966 2696 demonstrare,
2006 2643 2173 2685 verbum
2219 2645 2361 2687 tollere

244 2743 387 2780 nostro
418 2735 508 2781 loco
539 2735 642 2779 idem
675 2750 767 2779 esse
797 2735 903 2794 qnod
931 2737 1117 2793 probare
1146 2735 1234 2778 sive
1264 2748 1457 2779 servare:
1490 2748 1653 2793 quarum
1684 2734 1850 2793 primam
1881 2734 2055 2794 positam
2085 2749 2175 2778 esse
2206 2734 2291 2778 vult
2319 2736 2363 2779 in

242 2826 333 2886 ipsa
360 2827 551 2886 imaginis
581 2827 772 2882 veritate,
801 2827 967 2869 alteram
997 2827 1116 2869 sumit
1145 2841 1196 2868 ex
1224 2827 1277 2869 iis
1306 2826 1459 2879 verbis,
1490 2840 1592 2883 quae
1622 2826 1663 2867 in
1695 2826 1826 2867 altero
1858 2826 2025 2868 Horatii
2067 2827 2107 2867 in
2149 2827 2277 2867 satira
2305 2827 2362 2868 X.

243 2916 336 2961 loco
369 2919 496 2962 verna
525 2919 601 2961 huc
630 2918 854 2979 spectantia
883 2925 1127 2977 sequuntur:
1157 2917 1259 2974 „Tu
1289 2917 1393 2960 nihil
1423 2918 1464 2959 in
1496 2931 1644 2976 magno
1667 2917 1810 2960 doctus
1831 2917 2098 2978 reprehendis
2118 2918 2360 2960 Homero“:

246 3007 413 3067 denique
443 3023 496 3053 ne
526 3009 817 3061 Quintilianum
850 3008 1001 3069 quidem
1033 3009 1061 3054 l.
1093 3009 1118 3054 Ι.
1148 3008 1266 3054 aliter
1295 3021 1415 3070 posse
1443 3009 1605 3054 verbum
1647 3011 1788 3055 tollere
1827 3010 2036 3070 accepisse
2076 3014 2248 3053 conatur
2287 3009 2358 3053 de-

245 3104 482 3145 monstrare.
540 3100 720 3146 Eandem
760 3115 859 3146 vero
898 3100 1010 3145 verbi
1048 3101 1193 3146 tollere
1232 3100 1625 3160 interpretationem·
1648 3100 1885 3161 probavisse
1925 3101 2043 3145 etiam
2081 3100 2362 3146 Heindorfimn

240 3195 323 3251 jam
359 3194 546 3240 diximus.
603 3195 646 3237 1⁵
677 3196 782 3239 enim
814 3196 983 3254 primum
1012 3195 1070 3237 ait
1095 3196 1176 3252 jam
1205 3195 1248 3236 in
1279 3194 1411 3238 altero
1442 3195 1533 3238 loco
1565 3195 1790 3239 Horatiano
1822 3203 1863 3237 et
1902 3195 2139 3254 particulam
2181 3196 2360 3250 qtddem,
