2652 3689
1314 242 1343 292 2

251 371 435 413 omnibus
467 371 650 414 numeris
681 371 907 414 absolutam
938 370 1158 414 tradidisse
1188 370 1437 415 doctrinam:
1471 376 1586 415 erant
1616 373 1753 428 etiam,
1785 372 1851 430 qui
1873 371 2043 417 mediam
2065 374 2175 417 inter
2196 381 2388 432 utrosque

248 460 494 505 insistentes
526 462 630 505 viam
661 461 909 521 peculiarem
941 461 1136 520 quendam
1166 461 1218 504 ad
1248 462 1365 505 finem
1400 462 1502 504 hanc
1533 462 1748 520 epistolam
1779 462 1970 522 scriptam
2007 462 2137 507 fuisse
2177 464 2386 508 existima·

247 557 356 595 rent:
388 552 453 595 vel
484 551 535 595 ad
564 552 765 596 Pisonum
796 552 956 596 animos
986 567 1011 595 a
1040 553 1221 596 versibus
1252 551 1453 596 faciendis
1485 552 1753 602 deterrendos
1785 559 1825 597 et
1853 552 2109 603 avocandos,
2143 555 2290 614 quippe
2318 556 2386 614 qui

245 643 361 686 nullo
393 643 539 686 Musae
568 643 738 702 ingenio
769 643 943 702 praediti
974 644 1066 686 huic
1095 643 1230 686 studio
1263 645 1440 702 impares
1472 652 1623 698 essent,
1663 645 1728 687 vel
1764 645 1816 687 ad
1856 645 1985 688 malos
2025 646 2190 688 omuino
2238 656 2383 704 poetas

247 733 514 793 castigandos
545 741 665 792 atque
695 734 985 794 exagitandos,
1016 736 1090 790 sic,
1123 740 1165 777 ut
1190 733 1385 792 judicium
1416 735 1467 779 de
1488 735 1764 779 Romanorum
1793 738 1923 796 poesi,
1945 736 2187 796 praesertim
2209 738 2386 793 scenica,

246 840 419 885 prorsus
450 825 702 869 emendanda
731 825 994 886 proderetur.
1054 827 1119 870 Ac
1158 826 1285 884 longe
1324 826 1488 885 plurimi
1527 826 1682 884 quidem
1713 834 1931 885 „tanquam
1963 828 2103 871 silvam
2136 829 2390 872 temerariam

249 931 304 960 ex
335 916 463 960 variis
496 916 850 961 observationibus
883 924 925 960 et
966 918 1197 977 praeceptis
1237 917 1472 977 sparsisque
1511 918 1730 962 sententiis
1770 919 1987 962 conflatam
2031 920 2133 962 hanc
2171 919 2385 978 epistolam

245 1009 593 1067 interpretantur:
638 1007 748 1051 velut
777 1008 1029 1052 Salmasius:
1061 1008 1250 1067 Epistola
1280 1007 1443 1052 Horatii
1475 1007 1527 1052 ad
1558 1008 1732 1052 Pisones
1762 1016 1992 1069 perpetuum
2015 1009 2200 1053 ordinem
2223 1011 2388 1055 seriem-

240 1114 321 1158 que
352 1098 502 1144 nullam
534 1100 669 1155 habet,
700 1098 772 1143 sed
800 1100 850 1143 ab
881 1114 960 1143 nno
991 1107 1214 1159 praecepto
1247 1098 1297 1142 ad
1336 1098 1445 1142 aliud
1486 1099 1678 1155 transilit,
1721 1100 1900 1158 quamvis
1942 1100 2054 1144 nulla
2094 1102 2149 1144 sit
2189 1102 2385 1145 materiae

243 1191 423 1234 affinitas
444 1191 495 1235 ad
517 1207 678 1235 sensum
701 1191 1072 1235 connectendum“:
1104 1206 1269 1249 quocum
1293 1192 1383 1234 sere
1406 1191 1667 1235 consentiens
1690 1170 1907 1234 Dacierius
1938 1192 2195 1247 „methodum
2228 1200 2268 1235 et
2290 1194 2385 1236 sub·

245 1284 357 1327 tilem
384 1285 617 1341 juncturam
651 1284 856 1327 desiderat
887 1293 928 1326 et
957 1285 1174 1327 Horatium
1209 1284 1306 1326 dicit
1346 1284 1386 1326 in
1430 1285 1506 1326 hac
1545 1283 1723 1342 epistola
1762 1284 1881 1327 aliam
1925 1300 1983 1328 ex
2024 1284 2105 1327 alia
2144 1286 2385 1341 quaestione

246 1380 487 1419 tractantem
520 1383 561 1419 et
591 1390 662 1436 per
693 1381 853 1436 gratam
885 1376 1179 1436 negligentiam
1222 1376 1521 1431 subtexentem,
1563 1374 1754 1434 quidquid
1796 1375 2013 1420 subitarum
2056 1376 2386 1421 observationum

242 1442 285 1510 in
318 1473 488 1511 mentem
519 1468 719 1524 venisset,
752 1476 903 1512 certum
936 1468 1054 1512 finem
1087 1467 1320 1512 consectari
1352 1466 1580 1512 uoluisse.“
1624 1466 1752 1510 Pauci
1774 1481 1870 1511 vero
1892 1467 2098 1527 signifero
2122 1468 2172 1513 D.
2192 1467 2385 1524 Heinsio,

246 1559 358 1615 cujus
390 1559 634 1603 sententiam
664 1574 762 1619 prae
792 1559 938 1603 ceteris
969 1559 1020 1603 ad
1051 1574 1242 1602 summum
1273 1558 1485 1617 fastigium
1517 1556 1686 1601 adduxit
1707 1557 2013 1613 Michelsenius,
2045 1560 2111 1617 qui
2137 1558 2271 1615 „nihil
2299 1574 2384 1602 non

243 1650 286 1693 in
319 1649 489 1694 ordines
522 1657 564 1694 et
595 1651 800 1694 cancellos
830 1651 1071 1709 systematis
1102 1649 1310 1694 includere
1343 1650 1601 1705 laborabat“,
1632 1649 1776 1709 plenas
1807 1660 1847 1692 et
1875 1651 2079 1709 perfectas
2105 1652 2385 1695 institutiones

244 1741 285 1783 in
318 1742 396 1783 hoc
427 1742 567 1785 libello
600 1748 833 1800 agnoscunt
864 1747 906 1784 et
938 1741 1184 1784 collaudant.
1247 1741 1302 1784 Et
1333 1743 1436 1784 inter
1469 1753 1557 1795 eos,
1589 1741 1655 1799 qui
1686 1741 1760 1783 hac
1790 1740 1966 1801 epistola
1996 1740 2046 1784 de
2075 1742 2190 1801 poesi
2218 1741 2386 1801 potissi-

242 1847 345 1877 mum
377 1834 538 1878 scenica
565 1832 846 1879 Romanorum
877 1833 1131 1878 emendanda
1162 1833 1232 1892 agi
1259 1832 1469 1893 putabant,
1500 1832 1666 1876 excellit
1686 1831 1777 1879 Ric.
1803 1832 1997 1889 Hurdius,
2021 1833 2087 1891 qui
2110 1834 2385 1893 „tripartitam

245 1926 344 1969 facit
373 1925 503 1970 libelli
536 1925 874 1986 descriptionem:
906 1934 946 1969 et
977 1926 1107 1985 prima
1138 1924 1296 1983 quidem
1326 1934 1441 1984 parte
1471 1925 1618 1983 (usque
1649 1923 1699 1967 ad
1732 1940 1768 1968 v.
1798 1924 1878 1982 88)
1909 1926 2024 1968 varia
2062 1926 2290 1984 generatim
2332 1924 2384 1969 de

244 2017 477 2061 muneribus
524 2025 567 2061 et
611 2018 750 2062 officio
798 2018 936 2078 poesis
982 2017 1252 2077 praemunit-i:
1294 2015 1469 2060 secunda
1509 2015 1656 2074 (usque
1700 2015 1750 2059 ad
1793 2032 1829 2060 v.
1869 2015 1973 2072 284)
2013 2016 2276 2074 gravissimas
2315 2030 2383 2060 re·

243 2110 361 2169 gulas
393 2109 444 2153 de
476 2110 658 2154 dramate
686 2110 983 2165 Romanorum,
1015 2110 1231 2169 praecipue
1261 2109 1311 2151 de
1352 2108 1578 2168 tragoediis
1619 2109 1795 2152 scienter
1833 2109 2124 2168 componendis
2165 2110 2382 2168 explicari:

242 2202 404 2244 tertiam
437 2216 534 2245 vero
567 2201 703 2245 studia
735 2203 835 2245 bene
867 2201 1031 2245 dicendi
1064 2211 1105 2244 et
1135 2216 1255 2244 curas
1286 2201 1326 2243 in
1370 2199 1622 2256 elocutione,
1666 2201 1903 2260 praesertim
1946 2200 2136 2255 scenica,
2177 2199 2383 2259 ponendas

242 2292 502 2354 complecti.“

357 2386 496 2444 Atque
526 2386 669 2429 harum
699 2385 859 2444 quidem
891 2386 1198 2439 sententiarum,
1231 2400 1328 2444 quas
1360 2400 1384 2427 a
1415 2383 1643 2427 Streubero
1683 2383 1910 2427 accuratius
1950 2384 2161 2442 expositas
2202 2383 2383 2427 breviter

240 2478 363 2521 modo
396 2478 708 2537 composuimus,
738 2477 850 2520 nulla
880 2493 1013 2520 verum
1046 2492 1216 2537 prorsus
1246 2477 1407 2519 videtur
1436 2476 1636 2536 attigisse.
1698 2475 1799 2525 Quis
1830 2475 1933 2517 enim
1965 2473 2206 2530 Horatium,
2239 2476 2305 2534 qui
2335 2475 2378 2517 in

242 2572 320 2613 hac
351 2572 440 2631 ipsa
469 2570 645 2631 epistola
675 2570 735 2629 (v.
767 2571 824 2613 35
854 2571 965 2630 sqq,)
998 2569 1144 2614 irridet
1173 2582 1258 2625 eos,
1290 2569 1357 2629 qui
1387 2581 1540 2630 ponere
1557 2564 1697 2612 ‘totum
1730 2573 1954 2627 nequeant:
1989 2566 2077 2626 (qui
2106 2580 2143 2610 v.
2183 2565 2236 2610 41
2270 2566 2379 2626 sqq.)

243 2660 424 2709 ordinem
456 2661 498 2708 in
529 2661 731 2723 poematis
775 2658 1018 2707 servandum
1060 2658 1339 2717 commendat,
1380 2659 1471 2706 sine
1513 2657 1660 2705 ordine
1701 2657 1923 2718 composita
1969 2655 2130 2703 dedisse
2170 2663 2381 2716 praecepta

244 2754 482 2798 existimet?
526 2752 654 2803 Quam
686 2752 850 2806 leviter,
883 2752 1021 2811 quiid
1050 2751 1259 2809 judicant,
1299 2751 1464 2795 Horatii
1506 2749 1656 2794 honori
1698 2749 1935 2793 consulunt!
1976 2750 2079 2798 Quis
2120 2754 2252 2791 autem
2291 2764 2382 2807 per·

244 2849 392 2890 sectam
424 2848 526 2889 artis
555 2846 743 2907 poeticae
773 2845 1001 2888 doctrinam
1034 2846 1109 2888 hac
1139 2844 1315 2904 epistola
1345 2845 1545 2887 contineri
1576 2844 1756 2887 sentiat?
1796 2842 1994 2886 Profecto
2035 2842 2070 2884 si
2109 2840 2150 2884 id
2185 2840 2384 2883 voluisset

244 2945 381 2998 poeta,
412 2937 614 2998 permulta
644 2938 682 2982 ei
712 2944 832 2982 erant
861 2935 1106 2995 adjicienda,
1148 2935 1307 2980 leviora
1346 2934 1538 2994 quaedam
1578 2931 1954 2995 praetermittenda.
2014 2932 2115 2978 Jam·
2148 2931 2317 2991 propius
2356 2946 2383 2975 a

242 3046 341 3075 vero
373 3030 536 3085 absunt,
568 3030 636 3088 qui
660 3029 857 3087 judicium
891 3027 943 3072 de
972 3028 1250 3073 Romanorum
1281 3028 1395 3086 poesi
1426 3028 1476 3071 ab
1509 3027 1620 3071 omni
1650 3034 1766 3085 parte
1804 3023 2057 3070 emendanda
2096 3024 2245 3067 sactum
2286 3037 2380 3066 esse

241 3124 292 3165 ab
324 3122 501 3165 Horatio
532 3123 791 3165 existimant:
823 3137 1056 3180 quamquam
1088 3121 1128 3163 id
1159 3136 1231 3163 cur
1260 3121 1508 3179 potissimum
1542 3121 1582 3161 in
1616 3119 1790 3177 epistola
1820 3118 1872 3161 ad
1902 3118 2082 3160 Pisones
2113 3116 2204 3158 data
2232 3116 2379 3156 sactum
