2652 3689
1301 300 1330 351 3

247 439 318 496 sit,
349 451 433 483 non
463 434 523 479 ita
552 438 696 494 sponte
723 438 849 494 patet.
909 431 1083 477 Omnino
1125 432 1254 486 enim,
1295 430 1333 474 si
1373 436 1566 491 accurate
1606 436 1648 472 et
1686 430 1856 473 intentis
1895 431 2042 474 animis
2081 431 2379 490 perlegerimus

248 525 481 589 epistolam,
513 523 807 568 concedendum
836 527 900 567 est
927 522 1097 583 privatis
1127 536 1216 571 eam
1248 521 1385 564 usibus
1416 521 1544 564 fuisse
1573 526 1877 564 consecratam:
1907 534 2023 578 quam
2051 534 2135 563 rem
2159 522 2244 578 jam
2275 522 2377 566 satis

245 616 496 675 comprobat,
528 615 633 675 quod
663 615 844 675 pluribus
874 619 996 673 poeta
1023 613 1128 658 locis
1159 613 1273 672 ipsos
1303 612 1480 656 Pisones
1509 611 1738 669 alloquitur.
1799 603 1933 667 „Piso
1964 618 2097 656 autem
2128 614 2289 670 juvenis
2331 614 2373 656 in

245 707 431 750 versibus
461 708 661 750 faciendis
692 707 928 750 elaborabat
957 721 1005 749 ac
1035 704 1271 763 tragoedias
1299 704 1344 746 in
1374 718 1494 746 scena
1524 702 1833 770 committendas
1865 704 2170 747 minitabatur.“
2231 704 2371 760 Itaque

246 797 338 842 dum
369 799 552 859 singulas
581 804 719 860 poeta,
752 812 852 858 quae
882 796 1050 842 idoneae
1078 794 1400 846 tei-videbantur>
1420 809 1511 839 esse
1540 794 1592 838 ad
1633 794 1806 837 tironem
1846 795 2165 851 informandum,
2206 794 2371 854 regulas

247 890 472 946 constituit,
504 905 620 949 quam
648 904 779 948 grave
810 888 928 934 docet
957 896 1140 947 etquam
1173 887 1341 931 difficile
1372 888 1426 930 sit
1465 887 1683 930 carminum
1718 886 1999 945 fingendorum
2040 902 2181 931 munus
2223 888 2371 945 (usque

246 981 302 1026 ad
331 996 368 1025 v.
401 981 525 1037 153):
556 981 621 1028 cui
650 982 714 1024 rei
743 981 952 1040 aptissime
989 980 1200 1037 subjungit
1238 979 1478 1023 lincamenta
1518 980 1654 1037 poesis
1692 980 1877 1023 scenicae
1912 978 2030 1022 simul
2072 994 2158 1022 cum
2198 978 2372 1022 historia

246 1069 495 1116 Graecorum
527 1073 782 1116 inventorum
815 1086 938 1129 nsque
967 1070 1019 1115 ad
1048 1085 1086 1113 v,
1118 1069 1219 1125 304,
1252 1069 1479 1123 ubi5denuo
1513 1071 1681 1130 excipit,
1713 1070 1820 1114 unde
1852 1085 2024 1114 exorsus
2046 1077 2149 1125 erat,
2176 1071 2369 1128 maJorem

245 1164 363 1207 etiam
396 1170 537 1207 tenero
569 1163 732 1207 Pisonis
762 1164 896 1206 animo
928 1163 1175 1220 majestatem
1207 1167 1248 1206 et
1276 1162 1547 1210 reverentiam
1580 1163 1718 1221 operis
1756 1162 1907 1222 poetici
1947 1161 2251 1205 commendans:
2291 1162 2366 1217 sic,

242 1261 287 1298 nt
314 1256 413 1297 haec
444 1261 593 1298 tantum
635 1255 686 1298 ad
729 1270 793 1308 ea,
836 1270 938 1312 quae
980 1255 1095 1297 bonis
1142 1261 1184 1296 et
1225 1253 1490 1312 prudentibus
1531 1255 1663 1313 poetis
1706 1254 1935 1314 expetenda
1979 1253 2223 1312 fugiendave
2268 1255 2367 1307 sint,

240 1352 449 1406 spectent:
491 1347 640 1390 desinit
677 1354 808 1389 autem
850 1347 1022 1405 epistola
1060 1348 1102 1389 in
1142 1346 1290 1390 salsam
1331 1348 1640 1405 castigationem
1682 1354 1801 1404 atque
1844 1348 2082 1389 irrisionem
2123 1346 2217 1389 mali
2258 1346 2366 1388 illius

243 1444 449 1499 poetarum
479 1437 639 1497 gregis,
672 1438 785 1496 cujus
814 1438 863 1481 ab
893 1438 1234 1482 assentationibus
1265 1444 1304 1481 et
1333 1437 1501 1481 levitate
1533 1437 1792 1482 deterrentur
1822 1437 1986 1481 alumni.

355 1529 587 1586 „Timnem
617 1535 750 1573 autem
781 1529 909 1574 fuisse
938 1529 1131 1575 Pisonem
1161 1529 1203 1573 in
1234 1530 1364 1589 poesi,
1398 1529 1581 1574 declarat
1612 1529 1730 1574 color
1758 1534 2065 1589 praeceptorum
2096 1536 2136 1572 et
2163 1529 2365 1573 institutio

240 1622 293 1665 ad
315 1628 468 1682 captum
489 1635 620 1681 paene
639 1620 831 1679 puerilem
853 1619 1210 1665 accommodata“:
1241 1620 1351 1664 velut
1374 1636 1412 1665 v.
1434 1621 1515 1664 251
1534 1636 1637 1679 sqq.,
1671 1622 1733 1664 ubi
1767 1620 1816 1664 de
1842 1621 2023 1664 trimetro
2047 1621 2218 1664 iambico
2243 1630 2366 1679 poeta

242 1714 428 1772 exponit,
458 1727 592 1770 „quae
620 1712 815 1770 magistro
846 1726 962 1769 quam
992 1711 1173 1770 eleganti
1200 1717 1322 1770 poeta
1351 1711 1542 1771 digniora
1570 1726 1661 1755 esse
1692 1712 1893 1755 videntur.
1934 1711 2088 1754 Habuit
2119 1713 2245 1770 igitur
2274 1711 2363 1755 Ho-

240 1805 369 1849 ratius
398 1818 471 1847 cur
500 1803 652 1846 viribus
681 1803 767 1845 suis
797 1806 984 1861 parceret
1013 1815 1062 1843 ac
1090 1801 1237 1844 seriem
1268 1802 1568 1861 praeceptionis
1599 1817 1681 1846 non
1712 1802 1831 1845 modo
1873 1802 2087 1845 relaxaret
2128 1810 2168 1844 et
2207 1803 2248 1843 in
2291 1817 2362 1844 an-

241 1898 396 1943 fractus
425 1894 672 1949 deflecteret,
696 1892 776 1951 sed
805 1891 997 1937 familiari
1028 1892 1148 1936 etiam
1178 1907 1370 1938 sermone
1401 1893 1544 1943 callide
1584 1903 1822 1955 temperaret
1860 1902 1977 1954 atque
2022 1894 2169 1937 facetis
2211 1894 2360 1938 salibus

236 2005 308 2050 per
337 1989 470 2032 lenem
500 1986 730 2029 irrisionem
760 1999 867 2028 nunc
896 1998 1061 2029 errores
1091 1985 1231 2045 populi
1260 1985 1436 2039 Romani
1466 2002 1570 2029 nunc
1601 1988 1798 2030 insaniam
1833 1987 2025 2044 juvenum
2067 1985 2357 2030 eruditulorum

237 2079 483 2141 pungeret.“
527 2077 580 2121 Et
620 2076 696 2120 hac
736 2075 896 2135 quidem
935 2077 1182 2135 potissimum
1226 2076 1275 2121 de
1319 2093 1440 2122 causa
1479 2077 1776 2121 undevicesima
1815 2078 1909 2121 libri
1950 2079 2068 2137 primi
2110 2078 2281 2137 epistola
2321 2085 2361 2121 et

235 2173 367 2232 prima
396 2170 491 2212 libri
521 2170 705 2224 secundi,
744 2185 974 2228 quamquam
1011 2169 1206 2213 similibus
1249 2170 1291 2212 in
1333 2171 1581 2228 argumentis
1626 2180 1836 2225 versatae,
1879 2171 2111 2229 discrepant
2151 2186 2175 2212 a
2215 2177 2358 2213 nostra

235 2261 426 2321 epistola,
457 2260 548 2317 quia
578 2261 618 2303 in
647 2260 731 2303 illis
762 2275 843 2303 non
875 2275 961 2303 cum
992 2261 1190 2304 tironibus
1220 2275 1287 2303 res
1318 2267 1395 2316 est,
1426 2261 1497 2304 sed
1528 2276 1613 2304 cum
1645 2263 1744 2305 viris
1791 2262 2072 2305 eruditissimis
2115 2262 2357 2319 summisque

236 2367 410 2412 poeseos
431 2351 673 2407 fautoribus,
695 2366 781 2396 cum
802 2351 1042 2396 Maecenate
1064 2362 1104 2395 et
1125 2352 1327 2409 Augusto,
1360 2366 1524 2410 quorum
1555 2352 1723 2398 alterum
1753 2352 1949 2397 Horatius
1975 2362 2160 2412 tanquam
2191 2353 2358 2397 nobilis·

233 2445 375 2487 simum
406 2444 554 2486 aetatis
583 2458 682 2486 suae
710 2443 932 2486 litterarum
965 2449 1006 2486 et
1032 2444 1176 2486 artium
1208 2444 1469 2503 interpretem
1501 2444 1677 2501 colebat,
1709 2446 1933 2503 Augustum
1963 2460 2058 2488 vero
2082 2454 2270 2503 tanquam
2293 2447 2355 2489 rei

238 2535 423 2596 publicae
453 2537 674 2595 principem
707 2534 969 2593 eundemque,
1000 2534 1041 2577 id
1072 2534 1178 2593 quod
1221 2535 1434 2577 familiaris
1475 2551 1560 2577 cum
1601 2536 1803 2595 Virgilio,
1840 2509 1986 2587 vario,
2027 2536 2222 2591 Horatio,
2265 2537 2357 2579 aliis

233 2625 477 2672 consuetudo
510 2626 705 2683 declarat,
735 2634 942 2688 poetarum
973 2631 1187 2687 patronum
1218 2634 1257 2669 et
1285 2629 1423 2687 ipsum*
1451 2627 1586 2670 Musis
1627 2631 1792 2672 amicum
1832 2629 2158 2690 splendidissimo
2202 2630 2358 2671 honore

231 2716 559 2776 amplectebatur.
617 2718 799 2776 Apparet
829 2718 955 2776 igitur
982 2716 1213 2774 Horatium,
1245 2732 1332 2763 cum
1365 2718 1440 2772 hac
1471 2718 1511 2764 iu
1544 2718 1716 2779 epistola
1747 2720 1786 2765 in
1818 2719 1959 2780 primis
1996 2733 2170 2779 poeseos
2210 2719 2356 2766 funda-

233 2811 379 2851 mentis
410 2816 652 2862 versaretur,
684 2808 816 2851 multis
845 2809 949 2851 locis
978 2809 1102 2852 multo
1133 2810 1323 2865 majorem
1355 2826 1469 2866 quam
1500 2809 1748 2853 reconderet
1786 2820 1828 2853 ut
1868 2809 1918 2853 ad
1956 2811 2133 2855 tironem
2172 2813 2355 2857 scribens

233 2899 493 2955 „doctrinam
534 2903 576 2944 in
614 2915 774 2945 recessu
815 2900 1017 2946 habuisse.
1075 2901 1131 2943 Et
1159 2915 1307 2944 revera
1337 2915 1420 2957 non
1452 2916 1553 2962 opus
1583 2913 1668 2945 erat
1701 2903 1889 2960 doctriua
1928 2904 2012 2945 late
2053 2904 2222 2947 diffusa:
2264 2921 2355 2948 nam

231 2990 405 3043 affluunt
430 2993 604 3037 ¹virtutes
632 3007 783 3037 summo
816 2991 1244 3051 poeta2dignissimae,
1288 3007 1390 3051 quae
1431 2995 1559 3054 copiis
1602 2995 1845 3053 eruditionis
1886 2996 2118 3054 quantaevis
2158 2998 2355 3040 antistare

231 3082 432 3142 putandae
461 3092 577 3135 sunt:
614 3085 758 3143 quippe
787 3085 854 3141 qui
893 3084 1044 3128 nullam
1084 3084 1269 3143 attigerit
1311 3086 1437 3147 totius
1475 3087 1705 3152 argumenti
1746 3093 1916 3145 partem,
1960 3087 2055 3144 quin
2099 3087 2353 3146 prudentiam

230 3183 272 3219 et
293 3176 569 3231 acerrimum·
589 3177 747 3235 pulchri
790 3192 963 3220 sensum,
991 3177 1315 3235 comprobaret.“

1317 3236 1320 3240 ⁴
2112 3235 2136 3261 ι»
