2652 3689
1337 259 1367 309 8

275 400 380 446 quae
410 400 495 431 nou
527 387 662 448 pouit
690 399 776 433 non
800 399 857 432 -ea
885 386 1136 446 iufringere,
1167 400 1271 445 quae
1302 394 1426 432 antea
1454 388 1538 440 sint
1564 386 1688 446 dicta,
1714 393 1759 434 ‚et
1790 392 1913 438 totam
1944 387 2140 449 adjectam
2181 391 2422 448 seutentiam

273 492 438 538 „saepe
469 478 663 523 ferentem
691 477 822 522 Plura
851 476 1010 536 quidem
1040 475 1223 520 tollenda
1252 476 1574 535 relinquendis“,
1605 492 1709 538 quae
1738 479 1973 530 necessario
2005 481 2209 542 exprimat
2248 479 2415 546 llisssfl,

280 571 387 628 qued
418 586 500 614 nou
526 571 610 627 jam
644 570 780 613 verbis
808 568 1141 612 antecedentibus
1173 576 1246 624 „at
1277 567 1365 613 dixi
1393 569 1518 613 fluere
1542 570 1656 622 huuc
1679 570 1959 630 lutuleutumf‘
1991 572 2263 629 contineatur,
2294 572 2414 622 docu-

271 670 415 706 mento
447 677 539 705 esse
570 662 733 705 verbum
762 664 901 706 tollere
932 660 1039 704 idem
1071 661 1162 706 fere
1189 675 1285 705 esse
1317 660 1423 720 quod
1455 674 1653 708 servate:
1702 662 1850 720 deinde
1884 677 1994 709 vero.
2027 677 2081 722 ne
2123 663 2414 716 Quintilianum

275 754 440 812 quidem
471 754 591 797 aliter
621 754 700 796 hoc
730 754 896 796 verbum
927 754 1239 814 interpretatum
1271 755 1413 811 fuisse,
1442 755 1591 814 quippe
1621 755 1688 813 qui
1716 755 1763 799 in
1792 754 2004 811 afferenda
2024 754 2190 818 Horatii
2210 757 2416 807 sententia

277 845 407 889 verbo
438 846 637 905 „possis“
670 844 858 892 maluerit
889 859 1005 904 quam
1035 845 1205 901 „velis“
1239 846 1296 889 uti
1326 850 1476 901 („esse
1506 844 1656 904 aliquid
1687 844 1794 903 quod
1824 845 1973 895 tollere
1997 846 2215 908 possis“),
2245 847 2287 893 id
2308 847 2416 911 quogl

268 950 362 981 mon
395 937 574 981 facturus
604 937 765 993 fuisset,
800 937 837 981 si
868 951 904 981 v.
935 938 1076 983 tollere
1107 937 1306 982 voluisset
1336 936 1443 982 idem
1465 951 1559 982 esse
1579 935 1686 996 quod
1707 938 1906 994 auferte:
1928 942 2011 1001 tum
2028 937 2194 983 eandem
2215 938 2415 1002 interpre-

270 1028 475 1085 tationem
501 1029 586 1086 jam
618 1028 797 1087 antiquis
827 1028 995 1072 scholiis
1025 1029 1253 1087 probatam,
1284 1042 1452 1087 quorum
1481 1028 1572 1088 ipsa
1599 1028 1725 1073 verba
1754 1027 1887 1072 affert.
1918 1026 2110 1076 Ceterum
2141 1029 2266 1073 verba
2292 1039 2417 1087 „erat

276 1119 385 1178 quod
408 1120 554 1167 tollere
580 1120 736 1165 velles“
753 1122 791 1165 si
812 1121 936 1166 aliter
951 1127 1071 1180 atque
1093 1122 1143 1165 ab
1166 1122 1258 1181 ipso
1281 1121 1575 1181 acciperentur,
1593 1120 1799 1181 superflua
1819 1120 1913 1167 fore
1934 1126 2064 1180 putat,
2080 1121 2170 1181 quia
2186 1120 2288 1166 nihil
2305 1122 2416 1168 aliud

276 1212 318 1253 in
341 1212 409 1265 iis,
433 1213 513 1255 nisi
535 1213 641 1270 quod
656 1215 742 1268 jam
763 1213 805 1255 in
828 1214 984 1271 protasi
1007 1229 1126 1267 „cum
1149 1213 1294 1256 flueret
1323 1212 1590 1265 lutulentus“,
1620 1214 1733 1257 insit.
1786 1212 1975 1270 Denique
2005 1212 2124 1256 affert
2143 1213 2273 1257 locum
2296 1228 2416 1271 quen-

272 1303 364 1346 dam
395 1304 596 1359 Senecae,
627 1306 696 1363 qui
725 1306 801 1347 huc
830 1311 989 1364 spectet
1018 1311 1059 1347 et
1089 1306 1222 1348 nostri
1251 1305 1333 1347 loci
1369 1305 1609 1348 sententiam
1650 1304 1792 1348 eodem
1835 1303 1954 1348 modo
1998 1304 2167 1360 reserat,
2207 1318 2283 1364 quo
2323 1305 2412 1366 ipse

264 1395 572 1453 interpretatus
603 1397 670 1440 sit.
703 1421 760 1428 —
791 1395 882 1440 Hae
913 1397 1003 1440 fere
1033 1402 1128 1440 suut
1158 1397 1338 1440 rationes
1368 1403 1408 1440 et
1436 1395 1672 1441 Buttmanni
1703 1402 1744 1438 et
1774 1394 2024 1450 Heindorfii,
2065 1409 2165 1453 quae
2204 1410 2311 1439 nunc
2346 1410 2412 1439 ac-

277 1485 456 1529 curatius
487 1487 605 1530 nobis
635 1486 914 1547 inspiciendae
943 1494 984 1531 et
1013 1486 1307 1531 examinandae
1337 1493 1468 1531 erunt.

393 1576 431 1620 l.
476 1576 748 1622 Buttmannus
778 1579 908 1637 igitur
938 1579 1099 1622 verbum
1131 1581 1272 1623 tollere
1300 1578 1406 1622 idem
1436 1578 1528 1624 fere
1555 1591 1654 1622 esse
1682 1592 1854 1638 censens
1883 1576 1989 1637 quod
2007 1579 2196 1633 probare
2221 1578 2309 1620 sive
2328 1592 2414 1621 ser-

274 1675 379 1707 uare
408 1665 595 1723 primum,
625 1666 772 1723 inquit,
811 1667 902 1726 ipsa
930 1667 1067 1726 imago
1098 1667 1299 1728 prohihet,
1329 1666 1539 1725 quominus
1568 1666 1735 1714 verbum
1765 1668 1905 1712 tollere
1941 1667 2260 1728 interpretemur
2281 1669 2413 1729 quasi

276 1756 331 1799 sit
373 1758 572 1801 recidere.
633 1756 796 1801 Etenim
825 1757 864 1801 si
894 1763 1004 1800 totus
1033 1756 1253 1801 lutulentus
1283 1758 1338 1801 sit
1367 1758 1495 1814 rivus,
1526 1756 1726 1816 quomodo
1746 1756 1999 1817 didymi&
2028 1771 2119 1803 esse
2149 1758 2191 1807 in
2220 1770 2271 1802 eo
2303 1757 2411 1817 quod

276 1847 512 1906 improbes?
559 1848 709 1892 Buttm.
741 1849 869 1908 igitur
898 1855 1011 1907 putat
1042 1865 1123 1892 non
1155 1864 1279 1908 posse
1307 1846 1496 1906 aliquid
1524 1849 1746 1908 improbari
1776 1850 1818 1895 in
1850 1848 2015 1893 flumine
2044 1848 2271 1906 lutulento,
2316 1849 2411 1908 quia

274 1941 434 1982 omnia
463 1941 758 1997 improbentur,
790 1942 884 1997 quia
914 1942 1050 1984 omnia
1078 1942 1161 1984 sint
1190 1941 1404 1984 lutulenta.
1452 1941 1539 1983 Fac
1562 1942 1620 1983 ita
1643 1955 1746 1983 esse.
1777 1940 1988 1989 Quomodo
2012 1947 2145 1983 autem
2166 1942 2209 1983 in
2231 1941 2408 1995 flumine,

274 2031 380 2088 quod
422 2039 548 2074 totum
591 2040 728 2091 utpote
765 2033 1004 2076 lutulentum
1049 2033 1270 2092 improbari
1311 2034 1446 2087 debet,
1487 2040 1618 2075 tamen
1658 2033 1795 2075 inesse
1835 2033 2013 2091 possint,
2053 2046 2153 2089 quae
2193 2032 2410 2075 laudentur

274 2122 354 2178 (ita
385 2124 492 2165 enim
522 2124 819 2182 interpretatur
848 2124 997 2167 Buttm.
1030 2125 1157 2167 verba
1188 2129 1310 2180 „erat
1339 2122 1446 2182 quod
1476 2122 1623 2166 tollere
1665 2122 1842 2179 velles“)
1883 2121 1926 2165 id
1966 2122 2100 2165 fateor
2139 2135 2202 2169 me
2242 2135 2409 2181 prorsus

274 2228 358 2258 non
389 2213 638 2273 intelligere.
699 2214 837 2264 Quare
870 2231 922 2259 ne
954 2215 1187 2260 Buttmanni
1218 2215 1375 2273 quidem
1406 2214 1690 2274 interpretatio
1721 2229 1745 2258 a
1776 2213 2010 2258 discrimine
2049 2228 2126 2256 nos
2168 2212 2332 2268 liberat,
2372 2214 2410 2257 si

273 2322 418 2349 revera
440 2307 523 2349 tale
543 2307 676 2361 adest,
699 2307 805 2364 quod
827 2322 908 2366 ego
931 2323 1033 2350 sane
1059 2323 1139 2350 non
1158 2308 1290 2350 video.
1323 2307 1428 2357 Quid
1453 2308 1588 2350 enim?
1618 2321 1756 2350 noune
1777 2305 1925 2349 additis
1952 2305 2106 2349 demum
2128 2306 2263 2347 verbis
2286 2303 2407 2360 ,',erat

268 2398 378 2453 quod
405 2398 554 2441 tollere
577 2399 737 2441 velles“
767 2399 1055 2457 praecedentia
1080 2414 1200 2454 „cum
1227 2399 1372 2442 flueret
1401 2399 1547 2442 tutu1.“
1575 2398 1801 2442 accuratius
1827 2397 2101 2440 definiuntur?
2134 2396 2292 2455 Nempe
2321 2410 2405 2439 mo-

275 2491 349 2533 dus
368 2492 483 2548 quasi
501 2492 761 2534 constituitur
778 2491 874 2534 luti:
900 2493 1063 2534 minime
1085 2492 1245 2535 scilicet
1267 2492 1402 2535 omnia
1421 2498 1516 2534 sunt
1542 2489 1754 2545 lutulenta,
1775 2489 1846 2534 sed
1868 2488 1992 2533 multa
2012 2488 2267 2547 reperiuntur
2288 2489 2408 2530 etiam

273 2582 384 2626 bona
403 2592 522 2640 atque
540 2582 675 2626 utilia:
692 2582 791 2626 haec
803 2588 913 2638 sunt,
930 2597 1034 2641 quae
1052 2582 1292 2640 relinquere,
1311 2582 1383 2626 sed
1407 2581 1608 2625 lutulenta
1628 2580 1698 2628 illa
1719 2579 1868 2624 tollere
1890 2579 2007 2623 velis.
2038 2578 2180 2624 Verba
2202 2578 2331 2637 igitur
2347 2579 2408 2622 sic

270 2674 483 2718 intellecta
508 2689 654 2732 neque,
678 2683 720 2717 ut
744 2675 828 2718 vult
846 2674 1012 2730 Buttm.,
1036 2675 1256 2732 imaginem
1277 2679 1553 2733 corrumpunt,
1576 2687 1707 2731 neque
1725 2678 1767 2715 ut
1780 2670 2059 2727 Heindorfius‚
2077 2669 2283 2730 superflua
2298 2676 2407 2714 sunt.

388 2768 444 2809 At
476 2766 525 2808 de
555 2765 752 2820 tollendo,
783 2767 913 2823 inquit
944 2766 1109 2820 Buttm.,
1140 2766 1182 2808 id
1213 2772 1254 2809 ut
1283 2765 1486 2824 significet
1514 2764 1624 2808 idem
1653 2763 1760 2822 quod
1791 2777 1827 2805 v.
1858 2765 2049 2820 auferre,
2082 2762 2255 2821 cogitari
2285 2761 2409 2820 plane

254 2872 353 2901 ‘non
384 2865 521 2917 potest
551 2859 596 2901 in
626 2857 791 2901 flumine
819 2872 945 2915 aquae
974 2858 1181 2917 perennis.
1240 2857 1346 2908 Quid
1388 2871 1485 2901 vero
1526 2854 1717 2916 impediti
1757 2870 1827 2899 cur
1870 2869 1953 2898 non
1996 2853 2087 2897 tolli
2128 2854 2216 2897 sive
2255 2853 2410 2897 auferri

274 2950 428 3008 aliquid
458 2956 594 3008 potest
624 2965 647 2993 e
677 2951 844 2994 flumine
875 2966 1001 3008 aquae
1029 2951 1254 3011 perennis?
1288 2950 1442 2993 Nonne
1471 2949 1551 2991 rivi
1579 2947 1644 2991 ini
1671 2947 1775 3008 apud
1804 2962 1903 3002 nos,
1933 2946 2001 3005 qui
2022 2960 2099 3004 per
2128 2946 2246 2988 urbes
2277 2945 2408 2988 fluen-

272 3049 337 3085 tes
367 3048 523 3085 stercus
556 3057 697 3085 earum
727 3042 945 3097 deducunt,
986 3056 1271 3099 nonnunquam
1308 3042 1570 3101 purgantur?
1610 3053 1748 3082 nonne
1789 3040 1915 3083 lutum
1957 3052 2012 3081 ex
2051 3038 2102 3080 iis
2144 3038 2328 3079 aufertur
2368 3042 2409 3077 et

272 3134 460 3178 tollitur?
490 3134 579 3178 Nec
609 3149 707 3179 vero
738 3134 965 3180 concedere
1004 3147 1215 3194 possumus
1254 3133 1503 3178 Buttmanno
1545 3131 1787 3178 infinitivum
1818 3130 1942 3174 activi
1973 3129 2202 3174 orationem
2228 3126 2408 3173 reddere
