2652 3689
1304 277 1356 324 17

366 400 589 454 *videamus
621 405 748 465 igitur
779 410 925 447 cetera.
954 398 1152 460 uverum,
1182 404 1314 463 inquit
1342 403 1503 458 Herm.,
1533 403 1743 444 haeremus
1775 404 1893 444 etiam
1924 403 1965 444 in
1997 403 2078 444 fine
2109 404 2313 458 carminis,
2345 403 2387 443 in

255 514 332 558 quo
360 492 443 542 'illa‘
462 496 611 551 ‘quodsi
639 509 704 540 me
732 497 876 551 lyricis
906 496 1069 539 vatibus
1096 498 1247 539 inseris
1278 503 1457 554 apertum
1508 500 1569 536 est
1599 507 1681 536 non
1714 502 1824 536 recte
1854 493 1961 536 dicta
2005 485 2108 536 esse.
2170 492 2395 551 Oportebat

256 592 364 634 enim
394 591 465 630 aut
492 589 644 643 quodsi
673 594 721 631 tu
749 601 815 631 me
837 592 914 629 ant
943 593 988 630 tu
1017 589 1054 631 si
1080 601 1160 630 me.
1221 585 1267 630 ln
1300 585 1441 644 quibus
1472 600 1543 628 cur
1572 585 1674 628 adeo
1708 592 1851 645 urgeat
1871 584 2013 628 Herm.
2047 599 2186 629 vocem
2219 594 2277 632 tu,
2307 599 2388 627 non

255 678 537 736 intelligimus.
595 677 699 723 Nam
730 681 941 736 postquam
973 677 1091 722 initio
1125 683 1248 736 poeta
1275 675 1553 722 Maecenatem
1587 675 1987 734 magnificentissime
2027 675 2275 736 appellavit,
2316 676 2387 719 mi·

254 774 362 816 nime
391 784 490 829 opus
520 777 608 813 erat
631 770 914 813 >iterumvoce
944 767 1094 812 efferre
1122 767 1225 811 illud
1258 775 1317 817 tu.
1349 784 1452 822 cnm,
1484 769 1687 825 cujusnam
1719 768 1970 826 potissimum
1997 767 2151 825 judicio
2184 776 2225 811 et
2257 775 2390 810 aucto-

252 863 377 906 ritate
408 861 551 919 lyricis
581 876 625 905 se
655 859 788 904 inseri
819 860 945 904 vellet
975 860 1150 914 vatibus,
1179 860 1281 902 satis
1306 859 1389 917 jam
1422 859 1662 914 indicasset,
1693 859 1851 902 etiamsi
1885 858 2048 901 deesset
2077 874 2114 902 v.
2148 867 2205 902 tu.
2237 858 2390 917 Nempe

253 959 415 1012 poterat
443 951 603 1010 quidem
632 950 832 995 Horatius
862 952 942 994 hoc
970 949 1167 1007 adjicere,
1198 950 1269 992 sed
1300 950 1438 992 nescio
1472 965 1548 1007 qua
1579 965 1700 992 causa
1732 949 1883 992 noluit:
1928 957 1966 991 et
2007 949 2128 992 facile
2167 963 2214 992 eo
2245 964 2389 1008 possu-

255 1057 342 1086 mus
369 1057 525 1086 carere.
585 1042 689 1085 lllud
719 1057 819 1085 vero
851 1050 896 1086 tu
926 1046 1054 1086 sime
1090 1042 1126 1084 si
1170 1043 1374 1101 posuisset
1412 1041 1613 1084 Horatius
1652 1043 1741 1084 sine
1781 1041 1894 1083 nulla
1932 1056 2019 1083 cum
2061 1041 2389 1083 antecedentibus

255 1135 554 1193 conjunctione,
587 1147 640 1176 ne
669 1143 783 1177 recte
813 1132 972 1192 quidem
1004 1132 1114 1176 illum
1148 1132 1344 1176 dicturum
1378 1132 1505 1175 fuisse
1533 1132 1757 1175 statuimus.
1819 1131 2107 1176 Desideratum
2138 1133 2263 1189 igitur
2291 1146 2386 1192 pro-

252 1237 396 1269 nomen
429 1234 476 1270 tu
505 1225 668 1268 minime
693 1225 976 1268 Her-mannum
1007 1223 1179 1267 debebat
1211 1239 1388 1278 movere,
1420 1229 1461 1267 ut
1490 1239 1571 1267 non
1604 1224 1734 1267 solum
1767 1224 1972 1267 extremos
2003 1223 2104 1267 duos
2144 1224 2261 1281 hujus
2302 1240 2390 1267 car·

253 1318 374 1362 minis
417 1330 588 1372 versus,
633 1315 714 1360 sed·
749 1316 868 1359 etiam
904 1314 1006 1359 duos
1045 1315 1202 1375 primos
1243 1316 1302 1357 ab
1342 1314 1579 1359 Horatio
1621 1314 2023 1374 abjudicandos
2064 1316 2390 1374 scribaeque

254 1400 436 1451 otioso
468 1411 520 1451 et
548 1405 931 1450 incontinenti
963 1405 1311 1450 addicendos
1342 1414 1612 1452 censeret.
1671 1406 1735 1450 lta
1766 1407 1871 1450 enim
1902 1406 2133 1466 suspicatur
2152 1406 2247 1450 ille:
2274 1421 2390 1464 quem

246 1500 329 1554 jam
361 1497 569 1539 audiamus
600 1497 743 1555 ipsum.
801 1495 1181 1549 Manet‘enim,
1214 1495 1356 1551 inquit,
1388 1495 1538 1538 aliud
1570 1498 1730 1539 multo
1762 1490 2013 1555 gravius,
2053 1513 2149 1555 quo
2188 1500 2390 1541 sactum

251 1597 357 1643 est,
388 1594 442 1630 ut
470 1592 638 1630 totum
670 1593 885 1628 carmen
916 1587 1160 1646 ineptum
1191 1586 1269 1627 sit
1296 1591 1457 1643 atque
1488 1586 1781 1629 absurdum.
1842 1587 1966 1629 Nam
1997 1587 2120 1644 quid
2152 1587 2253 1628 illa
2283 1587 2392 1628 sibi

248 1678 371 1722 volu
386 1684 463 1722 nt:
514 1677 740 1722 Maecenas
780 1679 916 1721 atavis
955 1678 1063 1721 edite
1106 1677 1278 1733 reqibus
1325 1676 1363 1720 Ο
1408 1684 1445 1721 et
1485 1677 1753 1733 praesidium
1799 1684 1837 1720 et
1882 1678 2003 1721 dulce
2048 1679 2172 1721 decus
2214 1677 2388 1721 meum?

250 1768 513 1819 Quorsum
546 1770 662 1814 ista
689 1773 791 1812 tam
824 1802 834 1813 .
868 1800 878 1811 .
909 1767 1212 1826 magnifica
1243 1767 1583 1827 appellatio?
1628 1767 2031 1827 Exspectamus
2065 1802 2075 1812 .
2109 1803 2119 1812 .
2153 1767 2276 1826 quid
2307 1768 2387 1810 in-

249 1861 409 1920 signe
438 1860 681 1918 quodque
710 1859 926 1918 dignum
958 1868 1059 1903 tam
1092 1859 1414 1903 honorifice
1454 1859 1713 1903 invocato
1757 1870 1989 1919 patrono
2031 1861 2127 1914 sit,
2169 1866 2387 1903 secutu-

247 1967 364 1995 rum.
425 1950 565 2001 Quid
595 1965 729 1994 vero
760 1952 938 1994 infert
969 1951 1081 2005 hic,
1112 1951 1199 2008 qni
1230 1957 1383 1993 tanto
1415 1952 1570 1993 hiatu
1604 1965 1659 1993 os
1689 1953 1934 2009 aperuit‘l
1980 1951 2101 1994 Rem
2133 1951 2387 1994 tritissi-

249 2057 372 2087 mam
405 2046 458 2086 .“.
490 2037 887 2086 nihilomnino
918 2042 1209 2085 habentem
1254 2041 1390 2101 quod
1430 2042 1548 2085 viro
1591 2043 1768 2086 atavis
1809 2042 2044 2102 regibus
2086 2042 2260 2098 edito,
2301 2042 2387 2102 qni

247 2133 581 2192 praesidium
614 2140 666 2177 et
695 2132 859 2176 decus
888 2141 1091 2191 poetae
1117 2133 1220 2188 sit,
1251 2134 1467 2176 narrari
1499 2135 1813 2177 conveniat:
1847 2134 2225 2191 longissimam
2258 2148 2386 2176 enu-

251 2224 608 2268 merationem
640 2239 814 2267 earum
846 2237 1046 2279 rerum,
1088 2224 1286 2282 quibus
1316 2239 1413 2284 pro
1445 2239 1540 2268 suo
1573 2226 1801 2283 quisque
1839 2226 2067 2283 ingenio
2110 2224 2194 2268 vel
2233 2224 2383 2267 dele-

251 2322 433 2359 ctetur
472 2317 560 2359 vel
610 2330 707 2359 non
756 2315 1095 2359 delectetur:
1142 2331 1277 2374 quae
1325 2317 1581 2376 profecto
1637 2324 1762 2377 post
1815 2326 1915 2360 tam
1969 2317 2384 2376 grandiloquam

249 2406 659 2451 allocutionem
703 2420 809 2449 non
855 2406 1008 2450 modo
1055 2407 1250 2466 inepta
1305 2405 1402 2450 sed
1449 2406 1620 2466 plane
1664 2406 1899 2451 ridicula
1946 2408 2233 2468 expositio
2279 2413 2379 2451 est.

250 2496 352 2540 Hic
380 2510 514 2540 vero
566 2498 820 2541 eximium
870 2498 1032 2541 nobis
1072 2497 1335 2541 auxilium
1389 2500 1502 2542 sert
1540 2498 1815 2542 Meinekii
1856 2500 2181 2543 observatio
2230 2501 2388 2556 (omnia

191 2604 196 2609 ·
253 2586 420 2630 Horatii
451 2588 629 2630 carmina
659 2591 876 2631 statuentis
907 2605 957 2631 ex
987 2590 1169 2648 strophis
1199 2598 1369 2646 quatuor
1398 2604 1585 2632 versuum
1617 2604 1708 2632 esse
1739 2591 1999 2648 composita).
2056 2591 2172 2633 Nam
2205 2593 2385 2635 recisis

251 2687 304 2721 et
333 2680 532 2738 primis
569 2678 767 2722 duob-us
807 2687 858 2723 et
894 2681 1193 2740 postremis
1230 2679 1437 2723 duobus
1477 2680 1733 2723 carminis
1773 2682 2031 2724 versibus
2068 2696 2168 2724 non
2216 2683 2383 2726 solum

250 2769 509 2830 strophas
538 2769 702 2831 plena
731 2772 1014 2814 sententia
1045 2770 1338 2816 conclusas
1370 2805 1379 2815 .
1406 2805 1416 2816 .
1440 2804 1451 2814 .
1474 2805 1484 2815 .
1507 2771 1596 2815 sed
1628 2773 1792 2815 etiam
1825 2778 1990 2815 totum
2023 2786 2231 2816 carmen
2264 2779 2386 2834 apte

249 2860 553 2921 pulcreque
583 2862 941 2920 compositum
973 2862 1241 2906 habemus.

362 2951 549 2997 Vidimus
593 2954 721 3012 igitur
761 2952 1037 2997 Hermannum
1086 2953 1282 2999 damnatis
1327 2957 1545 3014 postremis
1590 2956 1746 2999 duobus
1792 2957 1910 3013 hujus
1969 2958 2161 3000 carminis
2205 2959 2385 3001 versibus

249 3050 431 3085 coactum
464 3044 580 3101 quasi
610 3045 743 3087 fnisse
773 3050 824 3087 ut⁴
845 3046 999 3104 primos
1031 3061 1190 3104 qnoque
1232 3046 1334 3088 duos
1374 3047 1642 3089 rescinderet.
1703 3050 1837 3105 Atque
1877 3048 1919 3089 id
1961 3044 2115 3105 quidem
2157 3051 2192 3091 ei
2236 3064 2378 3091 conce·

246 3133 377 3178 dimus
409 3143 576 3177 neutros
615 3135 707 3178 sine
747 3136 891 3180 alteris
930 3141 1042 3180 stare
1080 3150 1214 3197 posse.
1275 3137 1360 3180 Sed
1409 3150 1484 3181 nos
1528 3152 1613 3182 cum
1659 3146 1891 3199 postremos
1942 3145 2130 3198 tanquam
2177 3142 2376 3199 genuinos

246 3227 547 3283 agnoverimus,
577 3226 671 3269 item
703 3227 856 3285 primos
894 3227 989 3272 illos
1028 3229 1208 3272 retinere
1246 3235 1285 3271 et
1327 3227 1550 3272 defendere>
1585 3231 1714 3274 coacti
1756 3242 1903 3273 sumum
1960 3229 2064 3274 Nam
2108 3231 2225 3289 quod,
2270 3231 2306 3273 si
2345 3237 2386 3274 et

247 3315 365 3375 primi
398 3324 439 3358 et
467 3317 664 3377 postremi
694 3315 773 3361 duo
805 3333 948 3363 versus
978 3319 1131 3379 integri
1164 3324 1388 3375 remanent,
1418 3319 1531 3364 nulla
1562 3321 1653 3365 sere
1683 3322 1868 3381 stropha,
1903 3322 1967 3365 sin
1999 3321 2255 3376 reciduntur,
2288 3328 2377 3365 tan-

2115 3392 2164 3426 Qa
