2652 3689
1320 269 1346 315 6

265 394 449 439 Galliac.
510 395 780 439 Archilochus
809 395 1280 453 tutamenti->Tynna
1310 409 1463 455 suppar
1491 398 1796 455 aetate-fierit,
1836 406 2020 459 apparat,
2057 415 2143 446 ao·
2179 401 2288 457 huic,
2328 405 2400 448 sod

265 485 431 531 Callino
462 487 586 530 multo
616 492 713 529 natu
731 486 1200 543 majori-inventionem
1228 487 1349 530 metri
1378 486 1556 545 elegiaci
1586 488 1980 535 anonumum.-

377 578 486 622 Huic
516 591 616 621 vero
646 577 877 621 Franckius
907 582 1149 636 argumento
1179 575 1351 621 alteram
1382 579 1517 635 etiam,
1548 592 1637 639 qu>
1654 578 1906 626 demmtret
1935 581 2165 641 Tyrtaeum
2191 584 2396 644 aliquanto

262 669 530 731 posteriorem
560 669 691 713 fuisse
721 667 900 724 Callioo,
943 668 1142 712 rationem
1171 666 1286 712 addit
1324 669 1549 730 repetitam·
1568 668 1683 715 ilum
1702 684 1775 716 :ex
1812 672 1902 733 ipsa
1942 671 2126 733 Tyn-tasi
2163 681 2205 719 et
2245 673 2396 721 cam-i

264 763 590 820 frag-mentorum
621 765 767 804 natura
797 767 839 803 et
869 760 1056 820 ingenie.
1117 759 1172 805 Et
1199 760 1252 805 iis
1282 759 1715 820 quide-urguentis
1737 763 1898 809 etiamsi
1914 765 1999 823 ja-
2019 778 2254 824 persuasum
2273 765 2394 814 nobi·

262 855 317 898 sit
348 852 549 898 Callinum
582 852 718 912 potius
749 866 865 910 quam
896 850 1187 895 Archilochum
1216 851 1343 895 metri·
1366 850 1541 911 elegiaci
1569 859 1773 897 auctorum
1811 868 1903 899 esso
1938 854 2220 914 judicandam:
2261 863 2393 902 tamen

261 946 440 991 nondum
473 945 787 989 demonstratum
819 950 893 999 est³
939 943 1041 986 nulli
1073 943 1144 986 alii
1172 958 1297 1003 posse
1326 943 1407 988 nisi
1428 942 1594 989 Calli-o
1615 944 1692 988 hoc
1711 945 1920 991 inventam
1939 948 2084 992 tribui:
2115 947 2221 1007 quod
2250 963 2395 994 vereor

263 1044 307 1082 ut
338 1039 503 1082 omnino
534 1037 667 1096 possit
698 1035 874 1080 ostendi.
935 1035 1182 1092 Quamquam
1218 1035 1341 1079 etiam
1383 1036 1463 1079 hoc
1502 1035 1735 1082 Franckius
1775 1037 1876 1082 satis
1910 1039 1995 1096 jam
2032 1039 2276 1084 refutavisse
2315 1041 2394 1086 sihi

259 1131 370 1173 visus
401 1136 478 1173 est.
537 1129 691 1172 Parnm
722 1128 842 1177 enim,
874 1127 1019 1184 inquit,
1049 1125 1245 1170 credibile
1276 1132 1353 1182 est,
1386 1126 1437 1170 ad
1468 1127 1699 1172 Aristarchi
1730 1136 1772 1172 et
1800 1128 2086 1189 Aristophanis
2108 1137 2150 1174 et
2168 1131 2391 1189 aequalium

260 1220 614 1278 grammaticorum
644 1224 816 1262 aetatem
847 1218 935 1261 veri
964 1217 1124 1276 elegiae
1154 1217 1382 1261 inventoris
1413 1232 1465 1261 ne
1492 1218 1733 1262 mentionem
1758 1218 1917 1276 quidem
1938 1222 2188 1279 pervenisse.
2217 1220 2390 1266 Omnino

262 1312 369 1354 enim
401 1325 598 1353 novorum
629 1311 866 1352 inventores
895 1316 1116 1352 metrorum
1148 1309 1360 1352 clarissimi
1390 1309 1574 1352 solebant
1603 1324 1693 1353 esse
1721 1318 1882 1369 poetae.
1916 1309 2003 1354 Sed
2023 1313 2197 1356 omnium
2218 1314 2392 1356 maxime

261 1402 510 1445 admirabilis
541 1401 665 1444 debet
695 1401 839 1455 videri,
871 1401 937 1459 qui
968 1401 1120 1460 primus
1150 1402 1327 1444 omnium
1358 1415 1504 1444 novum
1533 1408 1701 1444 metrum
1731 1401 1878 1459 adjecit
1898 1403 2081 1447 heroico.
2111 1403 2244 1461 Hujus
2263 1405 2392 1463 igitur

258 1502 408 1554 poetae
439 1506 602 1548 nomen,
635 1493 715 1535 nisi
745 1493 847 1535 miro
878 1492 1047 1550 quodam
1079 1506 1127 1535 ac
1156 1492 1361 1550 singulari
1399 1506 1510 1547 casu,
1551 1505 1635 1535 non
1675 1498 1838 1552 poterat
1875 1493 2059 1538 interire.
2120 1496 2261 1553 Atqui,
2303 1510 2390 1541 cum

258 1599 344 1627 non
377 1591 511 1627 tantus
541 1589 649 1626 esset
678 1593 885 1642 poetaram
916 1583 1189 1640 elegiacorum
1219 1597 1424 1638 numeras,
1467 1589 1512 1626 ut
1538 1582 1646 1626 alter
1684 1583 1854 1627 alterius
1894 1585 2129 1628 memoriam
2170 1586 2391 1630 obscurare

258 1673 455 1731 potuerit,
487 1670 528 1714 id
559 1673 689 1730 ipsum
721 1672 932 1714 coufirmat
961 1673 1217 1716 temerarium
1249 1672 1359 1725 fore,
1389 1671 1544 1728 siquis
1568 1671 1654 1715 nisi
1681 1686 1837 1716 samma
1866 1675 2115 1719 necessitate
2140 1684 2304 1720 coactus
2326 1677 2391 1722 vel

256 1765 535 1824 suspicaturus
564 1764 633 1819 sit,
665 1777 826 1806 carmen
857 1762 1079 1822 elegiacum
1111 1777 1239 1821 neque
1269 1776 1294 1806 a
1324 1761 1496 1808 Callino
1532 1776 1671 1822 aeque
1704 1763 1758 1807 ah
1796 1762 2063 1821 Archilocho,
2102 1764 2177 1810 sed
2215 1766 2266 1811 ab
2305 1766 2388 1814 alio

257 1863 381 1916 poeta
409 1857 554 1914 ignoto
587 1855 744 1913 quidem
776 1855 847 1898 illo
878 1855 1153 1914 grammaticis
1183 1854 1481 1898 Alexandrinis
1510 1855 1639 1898 fuisse
1669 1855 1888 1899 inventum.
1949 1855 2026 1901 Cui
2057 1872 2135 1902 nos
2172 1873 2387 1917 argumen-

256 1948 404 1991 tationi
434 1947 476 1990 id
509 1962 629 1990 unum
660 1947 761 1991 satis
791 1947 979 1990 habemus
1011 1947 1207 2004 objicere:
1253 1962 1304 1989 ne
1334 1947 1563 1990 hexametri
1592 1945 1768 2004 quidem,
1798 1947 1917 2007 primi
1947 1948 2111 1992 omnino
2143 1951 2273 2006 metri,
2305 1952 2388 1995 ori-

256 2041 393 2098 ginem
425 2040 524 2083 satis
557 2041 676 2084 nobis
707 2053 798 2082 esse
826 2046 963 2082 notam
1008 2045 1049 2081 et
1086 2039 1347 2098 perspicuam.
1405 2038 1509 2082 Nam
1549 2038 1770 2082 Homerum
1812 2037 1968 2096 quidem
2008 2053 2129 2084 nemo
2163 2041 2248 2097 jam
2291 2042 2389 2086 dicit

256 2134 510 2176 inventorem
543 2131 632 2174 sive
664 2136 867 2173 auctorem
899 2130 1139 2174 hexametri.
1200 2130 1355 2188 Itaque,
1388 2128 1495 2188 quod
1525 2130 1566 2172 in
1598 2128 1714 2189 epita
1745 2128 1993 2173 Graecorum
2025 2131 2139 2190 poesi
2153 2131 2322 2188 accidit,
2346 2138 2387 2177 ut

255 2223 412 2266 scilicet
444 2222 580 2264 omnia
612 2221 727 2262 rudia
756 2226 851 2262 ante
879 2220 1101 2263 Homerum
1135 2220 1360 2263 hexametri
1392 2220 1592 2263 elementa
1621 2225 1663 2263 et
1691 2220 1808 2262 initia
1840 2221 2085 2275 interierint,
2126 2221 2232 2264 idem
2270 2231 2386 2281 puta-

257 2315 384 2358 bimus
416 2313 466 2356 ad
498 2313 674 2371 elegiam
707 2311 978 2355 adhibendum
1017 2326 1122 2365 esse,
1165 2312 1199 2353 si
1241 2311 1400 2369 quidem
1443 2325 1524 2354 non
1568 2311 1791 2355 verisimile
1832 2317 1909 2366 est,
1949 2312 2069 2355 initia
2110 2313 2247 2356 statim
2288 2314 2385 2357 novi

255 2407 475 2449 carminum
507 2404 676 2463 generis
708 2412 818 2447 tanta
847 2404 966 2447 metri
998 2403 1222 2446 mobilitate
1251 2410 1294 2445 et
1322 2402 1577 2462 perfectione
1608 2402 1773 2447 condita
1801 2402 1954 2458 fuisse,
1995 2412 2143 2461 quanta
2172 2402 2302 2449 elucet
2331 2419 2386 2450 ex

254 2497 496 2558 fragmentis
529 2512 682 2553 eorum,
714 2498 780 2556 qui
812 2497 931 2557 primi
962 2496 1185 2556 elegiarum
1217 2495 1441 2555 scriptores
1471 2494 1523 2538 ad
1554 2502 1733 2540 nostram
1761 2501 1940 2540 aetatem
1969 2504 2250 2555 pervenerunt.

877 2763 967 2806 ΙΙ.
1023 2762 1127 2805 De
1159 2761 1313 2806 nor.
1345 2760 1471 2807 Sat.
1501 2762 1549 2807 1.
1580 2761 1640 2813 4,
1668 2763 1753 2813 ⁴ll.

368 2864 615 2908 Accedimus
644 2863 695 2906 ad
725 2864 894 2905 alterum
923 2863 1054 2906 locum
1085 2863 1265 2919 Horatii,
1299 2864 1364 2922 qui
1394 2870 1456 2906 cst
1486 2863 1531 2905 in
1557 2862 1636 2906 lv.
1668 2862 1763 2907 libri
1790 2863 1820 2905 1.
1848 2863 1991 2917 satira,
2020 2862 2381 2923 interpretandum,

256 2957 322 3000 ubi
353 2970 388 3000 v.
422 2955 472 2999 11
507 2955 701 3016 leguntur
731 2954 904 2998 haecce:
936 2953 1071 3011 „Cum
1102 2954 1251 2999 flueret
1278 2954 1517 3010 lutulentus,
1546 2959 1635 2999 erat
1663 2952 1770 3013 quod
1800 2953 1946 3000 tollere
1971 2954 2147 3000 velles“.
2207 2954 2297 3007 Qua,
2339 2956 2382 3009 in

250 3061 314 3102 re,
347 3045 451 3104 quod
481 3060 583 3091 sane
615 3046 748 3091 libero
779 3045 915 3090 animo
948 3044 1053 3090 hunc
1084 3058 1244 3112 versum
1275 3044 1432 3104 legenti
1459 3045 1603 3091 mirum
1634 3044 1723 3090 sere
1753 3043 1939 3093 videatur
1967 3053 2383 3104 “supervacaneum

249 3147 439 3198 tanquam
471 3154 544 3199 per
573 3155 620 3182 se
649 3146 797 3198 patens
826 3146 867 3182 et
897 3139 1003 3196 qood
1036 3139 1135 3182 ideo
1178 3153 1261 3181 non
1306 3145 1428 3197 egeat
1466 3138 1758 3197 disputatione,
1798 3140 2021 3196 quaeritur,
2062 3153 2185 3196 quam,
2219 3140 2262 3182 in
2303 3139 2381 3192 hoc
